2204 3842
45 40 102 100 218
389 59 476 100 nim
495 57 629 99 oenum

42 146 174 214 veniens,
185 154 213 200 et
225 142 293 200 inde
306 143 492 215 descendens,
529 142 616 202 tilicnt
626 153 726 217 gentes
737 143 828 212 Deus,
845 159 989 218 praenun-

43 225 125 301 quod
137 223 346 280 Melchisedech
358 223 493 284 sacerdos
529 220 610 278 tidvit
621 223 759 288 Abrahae,
775 223 842 296 quin
860 223 988 280 henedi-

43 305 99 362 Dei
108 303 211 360 summi
223 303 285 371 luit,
297 301 378 375 quod
388 321 493 377 panem
529 306 631 358 centur
655 301 755 358 inille
778 320 878 359 omnes
905 320 986 376 gen-

44 397 73 441 et
106 384 206 438 vinum
236 381 371 452 dbtulit‚
410 381 491 456 quod
529 393 581 438 tes.

44 463 188 519 Abraham
209 461 363 516 benedixit,
569 457 600 538 nl.
617 460 831 536 Accipitdesus
846 457 983 526 cilicem,

82 539 113 620 il.
132 537 319 598 Coenintihus
339 540 392 596 illis
412 539 493 596 accd—
528 551 680 614 postquam
700 541 837 607 coenavit,
857 539 956 596 dicens
977 559 986 594 τ

46 621 88 696 pit
109 623 191 676 Jesus
212 637 331 694 panem,
355 631 384 675 et
403 619 493 676 bene·
530 619 583 676 llic
602 620 673 676 calix
694 639 803 675 novum
822 621 984 676 testemin-

45 699 139 770 dixit,
166 717 199 754 nc
226 699 328 774 fregit,
355 699 493 772 deditque
530 710 588 754 tum
611 711 653 755 est
670 699 700 754 in
724 718 789 755 meo
809 696 949 773 ninguine
975 719 983 752 τ

45 779 189 854 discipulis
205 779 276 846 suis,
291 789 319 832 et
337 778 394 833 nit:
412 779 494 834 *Ac-
529 780 543 804 *
563 779 625 834 Hoc
646 776 728 834 licite
746 779 776 834 in
790 797 882 836 meam
898 797 983 835 com-

44 858 146 933 cipite,
179 868 206 912 et
236 857 376 914 comedite
406 878 414 912 ι
438 859 493 914 hoc
529 857 773 914 memoratidnem.

46 949 87 992 cst
100 956 205 1012 corpus
219 955 323 992 meum.
568 937 601 1004 Ῡ.
622 935 761 992 Memdria
778 954 889 992 memor
911 954 981 1002 ero,

82 1016 113 1082 5².
128 1015 336 1072 Dixe'runtviri
355 1013 492 1072 tabernd-
530 1027 557 1072 et
585 1017 709 1072 tabescet
746 1017 776 1072 in
807 1033 853 1072 me
884 1010 980 1072 inimn

44 1095 100 1152 culi
117 1095 173 1152 mei
192 1115 198 1150 :
217 1097 288 1166 Quis
307 1095 356 1151 det
374 1096 410 1150 de
430 1091 493 1151 cdr—
531 1114 601 1152 men.

44 1175 129 1231 nibus
144 1175 224 1248 ejus,
239 1189 271 1232 ιιι
285 1175 460 1231 saturemur?
568 1177 630 1232 Hoc
650 1173 741 1232 licite.

85 1255 222 1331 Accipite.
668 1273 775 1310 ιιοτιο
795 1273 834 1308 ιι.

188 1353 294 1389 ιιιοτιο
316 1353 342 1388 v.
529 1307 585 1390 Ue
600 1351 670 1406 ergo
683 1335 713 1388 in
725 1332 828 1389 Ge'nesi
837 1349 890 1408 per
901 1332 980 1386 Mel-

42 1387 121 1469 Nm
155 1412 219 1486 quis
243 1411 332 1484 magis
358 1409 491 1466 sacerdos
528 1413 679 1468 chisedech
695 1411 873 1468 sncerddtem
886 1412 980 1466 bene-

42 1491 97 1546 Dei
117 1491 219 1545 summi
225 1489 238 1560 ‚'
250 1508 336 1563 quam
350 1487 491 1544 deinus
528 1492 615 1548 dictio
632 1492 705 1548 circa
725 1493 869 1548 Abraham
880 1501 980 1564 posset

43 1579 141 1626 noster
164 1571 246 1625 Jesus
269 1569 422 1624 Christus?
442 1569 491 1642 qui
527 1571 580 1627 rite
596 1567 748 1637 celebriri,
761 1570 897 1646 praecidit
910 1580 978 1626 ente

43 1647 211 1704 sacrificium
222 1646 490 1718 DeoPatrldbtulit,
527 1647 620 1726 imdgo
654 1651 802 1716 saci-isicii,
838 1650 867 1704 in
901 1667 978 1722 pane

44 1740 71 1783 et
93 1727 196 1782 dhtulit
221 1728 277 1782 hoc
295 1727 385 1796 idem,
412 1727 491 1802 quod
528 1741 556 1784 ct
581 1731 650 1786 vino
675 1731 781 1785 scilicet
815 1725 978 1786 constitdta.

42 1806 252 1863 Melchisedech
274 1805 438 1875 obtiilerat,
460 1807 491 1862 id
527 1811 621 1879 Quam
658 1825 720 1864 rem
759 1808 911 1883 perficiens
950 1817 981 1864 et

43 1897 97 1954 est,
110 1903 214 1961 panem
234 1897 261 1942 et
277 1887 391 1955 vinum,
407 1905 491 1942 suum
527 1888 686 1962 adimplens
705 1887 977 1961 deinus‚panem

42 1967 147 2022 scilicet
158 1985 264 2040 corpus
277 1977 304 2022 et
315 1962 489 2042 singuinem.
528 1979 554 2022 et
575 1963 690 2023 cilicem
706 1968 827 2022 mixtum
840 1967 908 2020 vino
922 1962 980 2020 db-

41 2047 77 2102 Et
95 2047 169 2104 circa
187 2047 332 2102 Abraham
351 2046 490 2102 benedic·
527 2047 591 2101 tulit
613 2066 619 2100 :
642 2046 735 2120 etqui
754 2056 796 2102 est
811 2042 979 2120 pleninido,

40 2125 82 2182 tio
101 2126 148 2182 illa
166 2125 345 2200 precedens,
367 2127 404 2182 nd
419 2145 489 2182 nos·
527 2121 674 2182 veritilem
697 2121 884 2200 praefigurdtae
907 2119 980 2180 imei-

42 2215 118 2261 trum
147 2205 287 2281 pdpulum
320 2205 489 2282 pertinebat.
527 2205 600 2279 ginis
617 2205 791 2278 adimpldvit.
808 2204 865 2260 Sed
881 2214 909 2260 et
924 2221 979 2276 per

40 2287 113 2341 Nam
131 2285 155 2341 si
177 2287 322 2342 Abraham
343 2288 405 2340 Deo
431 2286 491 2338 cre-
526 2283 707 2340 Salomdnem
719 2283 841 2358 Spiritus
857 2285 979 2338 Sanctus

41 2363 138 2434 didit,
156 2373 187 2420 'et
212 2361 381 2439 deputdtum
403 2373 446 2416 est
463 2362 489 2416 ei
527 2373 627 2436 typum
665 2363 810 2418 Dominici
848 2361 979 2418 sacrificii

40 2444 240 2516 adjustitiam:
254 2442 353 2518 nitique
361 2439 490 2516 quisquis
526 2453 591 2498 ante
603 2441 814 2516 praemdnstrnt,
827 2437 979 2498 immoldtae

43 2524 104 2578 Deo
129 2523 238 2590 credit,
263 2532 291 2576 et
317 2520 375 2576 side
398 2519 489 2590 vivit,
526 2520 640 2590 bestie,
656 2533 683 2578 et
698 2523 780 2596 panis
795 2520 911 2590 etvini,
926 2518 978 2576 sed

38 2601 133 2672 justus
150 2601 309 2668 invenitur,
324 2599 419 2670 etjam
430 2599 490 2673 pci-
526 2613 553 2656 et
577 2597 689 2670 allicis,
715 2612 743 2656 et
766 2597 977 2676 Apostoldrum

42 2680 108 2736 dem
119 2679 147 2734 in
158 2680 304 2735 Abmlinm
315 2677 391 2734 lidc'li
403 2679 490 2734 bene·
525 2675 630 2736 siciens
647 2679 823 2736 mentidnem
837 2701 844 2735 τ
861 2677 978 2754 snpien-

39 2758 131 2814 dictus
151 2769 180 2813 et
193 2754 363 2830 justificitus
386 2759 488 2814 osten·
525 2759 580 2828 i'n,
612 2758 721 2833 inquit,
748 2755 896 2816 aedificivit
921 2757 977 2814 sibi

40 2837 134 2906 ditur,
154 2837 226 2892 sicut
247 2834 346 2894 beitus
362 2839 489 2912 Aposto·
524 2839 657 2908 domum,
672 2849 700 2894 et
714 2836 844 2894 subdidit
859 2835 975 2894 cohim-

38 2919 80 2972 lus
100 2917 201 2972 Paulus
222 2917 346 2992 probat,
367 2917 486 2975 dicens:
525 2937 575 2974 nas
602 2929 737 2992 septem:
759 2913 891 2974 muctivit
912 2935 978 2972 suns

38 2995 167 3053 Credidit
191 2997 336 3052 Abraham
355 2999 437 3068 Deo,
460 3009 487 3054 et
525 2995 645 3066 hdshns,
673 2997 785 3053 miscuit
811 2997 841 3052 in
868 2997 978 3052 cratere

38 3073 206 3152 depulitum
232 3087 273 3132 est
300 3077 325 3136 ei
347 3075 384 3132 all
402 3077 488 3148 justi·
524 3077 623 3132 viuum
661 3095 770 3146 suum,
807 3088 836 3136 et
865 3071 978 3150 partivit

37 3156 113 3212 tiam
124 3155 304 3231 Cogndscitis
318 3173 407 3232 ergo,
420 3155 485 3229 quia
526 3173 652 3212 mensam
668 3175 756 3222 sunm.
773 3156 808 3212 Et
828 3155 902 3210 misit
913 3173 978 3210 ser-

39 3235 88 3308 qni
103 3255 137 3292 ex
153 3235 210 3292 lide
222 3247 303 3302 sunt,
315 3237 344 3290 hi
357 3246 422 3290 sunt
434 3233 485 3290 lilii
523 3254 575 3290 vos
586 3254 655 3290 suos
668 3234 830 3290 cdnvocnns
844 3252 909 3290 cum
924 3251 977 3289 ex-

37 3313 165 3372 Abrchae.
201 3313 358 3372 Prdvidens
392 3321 487 3368 eutem
524 3315 596 3369 celsa
611 3313 813 3388 praedicntidne
830 3312 867 3370 ed
882 3315 979 3368 crete·

36 3391 198 3466 Scriptura,
217 3393 284 3468 quie
303 3411 337 3448 ex
354 3391 411 3448 side
426 3391 487 3463 jus·
522 3409 598 3462 rem,
620 3392 741 3448 diceus:
763 3391 821 3462 Qui
842 3401 884 3448 est
908 3389 978 3446 insi·
