2184 3832
425 123 509 166 unsri
529 121 607 165 'usin
925 109 980 194 397

42 207 496 286 patrimtinimnpaupe'ribusdis-
512 208 518 294 ἰ
532 203 695 288 sponsitinis¹
705 213 761 284 die,
770 227 837 290 post
847 215 977 276 oblitum

43 289 233 359 tribuit‚vitae
242 285 494 346 monisticaedesi-
531 293 820 366 Missaesocriiieium,
831 297 948 354 Petrum
965 319 980 356 e

42 370 133 424 derio
157 369 218 426 Sed
241 367 295 422 Dei
315 369 495 443 providentia
532 371 667 451 sepulcro
683 359 803 446 srir'gere
817 374 919 448 jubet:
934 380 984 454 qui

42 447 208 504 Centinicus
231 447 428 504 erasos-tensis
439 484 456 518 ,·
468 459 496 506 et
532 451 626 505 statim
639 452 799 514 redivivus.
808 455 983 533 Episcopum

42 524 236 583 concionitor
255 527 346 584 iactus
367 547 382 584 a
407 531 494 583 Lam-
514 529 570 585 ud
586 531 696 606 regium
717 533 843 590 tribunal
867 534 983 593 euntem

40 611 126 681 pc'rto
138 608 300 681 Episcopo,
314 607 343 663 in
356 607 415 679 ejus
423 605 493 682 pds-
513 577 675 684 istquitur‚
689 611 788 688 ibique
812 631 881 688 rege
893 625 922 672 et
937 619 984 674 ee-

41 698 85 740 tea
102 687 358 759 locum,quumvis
372 687 495 757 invitus,
531 687 600 744 teris
626 691 744 766 stupore
767 691 918 765 attonitis,
946 695 983 752 de

42 765 194 822 sufficitur.
211 769 279 836 Quo
301 765 331 820 in
355 763 496 836 intinere,
532 785 603 842 agro
618 787 632 824 n
654 789 683 825 se
695 771 827 842 vendito,
844 784 873 829 et
887 776 982 850 pretio

42 845 173 900 ‹imuinm
190 840 376 920 pestorilium
400 845 494 904 iirtti-
532 849 586 903 rite
598 848 650 904 sibi
663 850 699 904 nb
720 850 980 928 Episccipoperso-

43 937 103 979 tum
118 923 225 992 laude,
239 935 266 978 et
280 926 426 1000 praeeipue
438 925 493 982 mi·
532 925 607 998 ntro,
624 928 817 986 testimonium
832 931 919 1003 dicit,
935 943 980 989 et-

43 1003 201 1060 seriedrdis
222 1003 254 1058 in
268 999 410 1080 piuperes
433 1007 496 1062 eni-
532 1007 982 1080 queiteruminuominoobdor-

43 1085 104 1137 tuit.
533 1085 622 1141 ruivit.

83 1159 114 1238 spi.
137 1163 300 1218 Honestum
322 1161 389 1218 fecit
414 1163 494 1218 illum
572 1161 602 1242 u).
617 1163 908 1226 Desideriuminimae
920 1170 982 1244 ejus

43 1241 205 1312 Dominus,
218 1251 246 1296 et
262 1241 416 1298 custodivit
428 1261 495 1298 eum
531 1244 655 1300 tribuisti
667 1244 710 1314 ei,
721 1243 981 1316 Domine,'Etvo-

43 1323 79 1376 ab
96 1321 234 1388 inimicis,
256 1333 312 1376 eta
334 1321 495 1377 seducttiri·
533 1321 642 1380 luntdte
663 1322 807 1380 iubitirum
832 1325 893 1398 ejus
918 1345 980 1386 non

42 1403 99 1454 bus
108 1397 214 1456 tutivit
233 1400 313 1455 ilium
323 1441 331 1470 ‚
343 1401 356 1426 *
368 1403 403 1457 Et
416 1401 496 1457 dedit
532 1400 670 1462 fronduisti
685 1422 760 1459 eum.

44 1481 84 1534 ilii
99 1476 258 1534 clarititem
272 1481 413 1535 cetimum.
571 1483 604 1549 ff.
633 1480 777 1553 Quoniam
819 1486 981 1558 praevenisti

82 1559 116 1624 ἵ.
132 1558 347 1633 Descenditque
366 1578 431 1614 cum
446 1557 495 1614 iilo
533 1579 597 1618 eum
606 1562 636 1616 in
651 1562 900 1620 benedietidnibus
915 1565 981 1620 dui-

43 1638 290 1708 iuiriveam‚etin
303 1639 495 1696 vinculisnon
532 1641 652 1712 cidinis,
676 1643 796 1716 posuisti
821 1642 851 1698 in
886 1639 980 1719 cipite

44 1717 200 1791 dereliquit
217 1735 292 1776 eum.
532 1719 592 1792 ejus
611 1721 748 1777 cortinam
760 1723 796 1778 de
808 1717 904 1798 lipide
915 1739 979 1799 pre·

82 1797 221 1853 Iitdedit
473 1817 476 1824 ’
532 1799 613 1856 tioso.

189 1894 297 1933 suerro
318 1896 345 1934 v.
512 1837 517 1946 Ι
570 1879 775 1938 Etvoluntite.

45 1931 136 2012 Em
156 1967 217 2012 tum
229 1955 355 2014 Poltinise
369 1974 419 2014 rex
437 1955 496 2012 Bo·
678 1980 784 2016 utorio
798 1979 838 2016 vt.

43 2033 162 2106 lesiius,
181 2055 267 2110 quem
296 2031 422 2112 griviter
446 2035 494 2092 oi·
530 2007 586 2093 Ar
598 2036 775 2106 Bolesitium,
787 2040 892 2096 frustra
904 2059 978 2117 saepe

42 2115 150 2184 findit,
164 2114 244 2190 quod
263 2117 339 2172 iliius
350 2125 447 2170 notum
461 2115 495 2170 li·
532 2115 710 2172 admonitum
724 2159 732 2184 ,
749 2117 904 2174 Stenisiius
915 2131 979 2174 tun-

42 2196 175 2252 bidineru
198 2193 314 2270 pribiice
347 2194 493 2269 urguebat.
530 2195 978 2256 demafidstmmcommunidne

42 2280 143 2345 Quare
157 2275 186 2329 in
199 2274 320 2330 solemni
329 2273 412 2348 regni
424 2293 495 2330 eou-
530 2279 668 2332 removet.
691 2277 742 2331 Ille
760 2275 909 2332 iracundia
932 2277 978 2333 fu-

46 2359 137 2410 ventu
145 2350 317 2410 Stanisliurn
329 2353 494 2429 percalrim·
531 2375 623 2425 rens,
645 2355 747 2411 milites
771 2355 800 2410 in
824 2356 977 2413 Ecclesiam

41 2436 118 2488 niam
135 2434 165 2488 in
184 2431 326 2506 judicium
351 2452 448 2488 corum
465 2453 494 2490 se
530 2435 664 2504 immittit,
675 2446 842 2491 utsunctum
857 2437 978 2509 Episco-

40 2511 143 2569 voca'ri
166 2525 268 2584 curat,
285 2525 420 2587 tunquam
442 2532 494 2587 pa·
528 2533 598 2590 pum
610 2513 795 2571 considium:
812 2513 862 2588 qui
873 2526 917 2569 ter
927 2534 978 2570 co-

41 2612 110 2667 gum
131 2587 307 2668 occupied,
329 2611 417 2668 quem
439 2595 494 2648 Ec·
530 2590 603 2663 niti,
619 2592 730 2650 occultu
746 2594 790 2665 vi,
808 2593 893 2649 tertio
904 2593 978 2649 divi-

40 2673 134 2729 cle'siae
143 2691 201 2730 suae
212 2671 329 2729 nomine
341 2675 492 2728 coemerat.
530 2673 606 2729 nitus
616 2684 682 2729 sunt
699 2671 819 2747 depulsi.
829 2675 976 2731 Postre'mo

39 2753 134 2823 Quod
141 2771 206 2808 cum
214 2750 493 2827 nequetibuIispro-
529 2753 632 2828 impius
648 2771 699 2808 rex
711 2751 895 2814 sacerdotem
906 2754 976 2825 Dei,

39 2831 113 2888 bite
127 2843 238 2908 posset,
253 2843 281 2887 et
297 2843 380 2888 testes
390 2828 494 2888 veriti·
528 2830 649 2888 hostiam
665 2830 872 2896 immacuidtum
882 2831 919 2888 ud
932 2835 975 2889 al-

39 2925 99 2967 tem
125 2913 224 2968 dicere
244 2911 392 2980 timerent,
405 2929 493 2986 spon·
529 2908 590 2967 tire
611 2911 792 2983 offerintem,
818 2931 868 2970 sua
888 2931 976 2970 manu

39 2993 91 3047 det
113 2991 298 3066 Episcopus,
326 3009 356 3048 se
376 2993 493 3046 Petrum
528 2985 702 3047 ohtrrineat:
720 2989 976 3068 corpusmembri·

38 3071 109 3146 pagi
123 3069 323 3139 venditorem,
337 3070 388 3145 qui
404 3070 494 3126 trien·
528 3071 579 3126 tirn
590 3071 753 3142 concisum,
778 3084 805 3127 et
819 3090 872 3147 per
890 3089 976 3147 agros

39 3153 92 3206 nio
106 3161 175 3207 ante
200 3151 322 3218 obierat,
333 3151 408 3206 intra
432 3149 492 3205 dies
523 3149 700 3224 projectum,
711 3147 977 3225 iquilaeaierismi-

38 3227 490 3302 tresinjudiciumudductdrum.
527 3229 834 3286 rabiliterdeiendunt.
845 3231 914 3284 Mox
924 3230 977 3284 Cu-

40 3309 491 3385 Condititinecumrisuucceptu,
527 3307 624 3365 nrinioi
650 3309 853 3365 Crotonienses
879 3325 976 3382 sparsa

40 3391 86 3445 vir
106 3389 163 3445 Dei
185 3400 249 3445 toto
264 3389 365 3445 triduo
376 3387 491 3462 jejuniis
527 3389 670 3458 membra,
689 3387 825 3443 noetdrni
848 3387 884 3439 de
903 3387 975 3440 coeio

41 3480 70 3523 ει
92 3467 218 3525 orasset
245 3467 406 3526 incumbit:
427 3469 490 3544 ipso
507 3441 512 3531 Ι
527 3466 690 3546 splenion
702 3466 809 3522 meiero
820 3461 976 3537 cunigunt,

83 3565 159 3616 AEst.
862 3552 897 3608 ¹3
