<?xml version="1.0" encoding="UTF-8"?>
<!DOCTYPE html PUBLIC "-//W3C//DTD XHTML 1.0 Transitional//EN"
    "http://www.w3.org/TR/xhtml1/DTD/xhtml1-transitional.dtd">
<html xmlns="http://www.w3.org/1999/xhtml" xml:lang="en" lang="en">
 <head>
  <title>
</title>
<meta http-equiv="Content-Type" content="text/html;charset=utf-8" />
  <meta name='ocr-system' content='tesseract 3.04.00' />
  <meta name='ocr-capabilities' content='ocr_page ocr_carea ocr_par ocr_line ocrx_word'/>
</head>
<body>
  <div class='ocr_page' id='page_1' title='image "./breviariumroman06brevgoog/breviariumroman06brevgoog_0506.png"; bbox 0 0 2168 3824; ppageno 0'>
   <div class='ocr_carea' id='block_1_1' title="bbox 92 93 659 166">
    <p class='ocr_par' dir='ltr' id='par_1_1' title="bbox 92 93 659 166">
     <span class='ocr_line' id='line_1_1' title="bbox 92 93 659 166; baseline 0.002 -17"><span class='ocrx_word' id='word_1_1' title='bbox 92 93 149 166; x_wconf 67' lang='lat'>476</span> <span class='ocrx_word' id='word_1_2' title='bbox 462 111 549 150; x_wconf 75' lang='lat' dir='ltr'>resru</span> <span class='ocrx_word' id='word_1_3' title='bbox 567 112 659 151; x_wconf 76' lang='lat' dir='ltr'>suren.</span> 
     </span>
    </p>
   </div>
   <div class='ocr_carea' id='block_1_2' title="bbox 83 195 1021 3530">
    <p class='ocr_par' dir='ltr' id='par_1_2' title="bbox 90 195 1020 595">
     <span class='ocr_line' id='line_1_2' title="bbox 90 195 1018 274; baseline 0.005 -21"><span class='ocrx_word' id='word_1_4' title='bbox 90 199 128 253; x_wconf 83' lang='lat' dir='ltr'>rit</span> <span class='ocrx_word' id='word_1_5' title='bbox 138 196 237 255; x_wconf 84' lang='lat' dir='ltr'>filiurn.</span> <span class='ocrx_word' id='word_1_6' title='bbox 247 198 283 252; x_wconf 85' lang='lat' dir='ltr'>Et</span> <span class='ocrx_word' id='word_1_7' title='bbox 290 195 445 253; x_wconf 73' lang='lat' dir='ltr'>audierunt</span> <span class='ocrx_word' id='word_1_8' title='bbox 451 199 539 254; x_wconf 84' lang='lat' dir='ltr'>vieini</span> <span class='ocrx_word' id='word_1_9' title='bbox 574 197 681 268; x_wconf 84' lang='lat' dir='ltr'>tiirnrn,</span> <span class='ocrx_word' id='word_1_10' title='bbox 694 215 778 274; x_wconf 80' lang='lat' dir='ltr'>snpra</span> <span class='ocrx_word' id='word_1_11' title='bbox 793 195 905 256; x_wconf 69' lang='lat' dir='ltr'>alitem</span> <span class='ocrx_word' id='word_1_12' title='bbox 918 199 1018 258; x_wconf 84' lang='lat' dir='ltr'>inrite-</span> 
     </span>
     <span class='ocr_line' id='line_1_3' title="bbox 92 274 1018 353; baseline 0.005 -20"><span class='ocrx_word' id='word_1_13' title='bbox 92 290 120 333; x_wconf 94' lang='lat' dir='ltr'>et</span> <span class='ocrx_word' id='word_1_14' title='bbox 131 274 245 351; x_wconf 79' lang='lat' dir='ltr'>cogniti</span> <span class='ocrx_word' id='word_1_15' title='bbox 258 276 338 346; x_wconf 85' lang='lat' dir='ltr'>ejus,</span> <span class='ocrx_word' id='word_1_16' title='bbox 350 276 539 352; x_wconf 77' lang='lat' dir='ltr'>quininngni-</span> <span class='ocrx_word' id='word_1_17' title='bbox 574 297 608 333; x_wconf 83' lang='lat' dir='ltr'>m</span> <span class='ocrx_word' id='word_1_18' title='bbox 622 278 733 353; x_wconf 77' lang='lat' dir='ltr'>positus</span> <span class='ocrx_word' id='word_1_19' title='bbox 745 281 870 336; x_wconf 68' lang='lat' dir='ltr'>rustris·</span> <span class='ocrx_word' id='word_1_20' title='bbox 885 280 1018 338; x_wconf 71' lang='lat' dir='ltr'>menstra</span> 
     </span>
     <span class='ocr_line' id='line_1_4' title="bbox 91 354 1020 434; baseline 0.003 -20"><span class='ocrx_word' id='word_1_21' title='bbox 91 354 186 414; x_wconf 76' lang='lat' dir='ltr'>linivit</span> <span class='ocrx_word' id='word_1_22' title='bbox 211 355 353 412; x_wconf 73' lang='lat' dir='ltr'>Dominus</span> <span class='ocrx_word' id='word_1_23' title='bbox 374 357 539 414; x_wconf 75' lang='lat' dir='ltr'>misericor·</span> <span class='ocrx_word' id='word_1_24' title='bbox 574 358 660 432; x_wconf 84' lang='lat' dir='ltr'>coepit</span> <span class='ocrx_word' id='word_1_25' title='bbox 699 355 788 418; x_wconf 78' lang='lat' dir='ltr'>aetitis</span> <span class='ocrx_word' id='word_1_26' title='bbox 831 359 1020 434; x_wconf 69' lang='lat' dir='ltr'>plenitudinis</span> 
     </span>
     <span class='ocr_line' id='line_1_5' title="bbox 92 435 1020 506; baseline 0.003 -13"><span class='ocrx_word' id='word_1_27' title='bbox 92 437 168 494; x_wconf 77' lang='lat' dir='ltr'>diurn</span> <span class='ocrx_word' id='word_1_28' title='bbox 181 455 259 492; x_wconf 82' lang='lat' dir='ltr'>suurn</span> <span class='ocrx_word' id='word_1_29' title='bbox 274 435 414 506; x_wconf 75' lang='lat' dir='ltr'>cumillis,</span> <span class='ocrx_word' id='word_1_30' title='bbox 431 449 459 493; x_wconf 93' lang='lat' dir='ltr'>et</span> <span class='ocrx_word' id='word_1_31' title='bbox 470 455 537 494; x_wconf 86' lang='lat' dir='ltr'>con·</span> <span class='ocrx_word' id='word_1_32' title='bbox 574 437 686 494; x_wconf 83' lang='lat' dir='ltr'>Christi.</span> <span class='ocrx_word' id='word_1_33' title='bbox 704 440 779 494; x_wconf 86' lang='lat' dir='ltr'>Mire</span> <span class='ocrx_word' id='word_1_34' title='bbox 796 451 911 496; x_wconf 75' lang='lat' dir='ltr'>sanetus</span> <span class='ocrx_word' id='word_1_35' title='bbox 932 443 1020 498; x_wconf 80' lang='lat' dir='ltr'>Eran-</span> 
     </span>
     <span class='ocr_line' id='line_1_6' title="bbox 93 512 1020 595; baseline 0.005 -22"><span class='ocrx_word' id='word_1_36' title='bbox 93 512 310 591; x_wconf 73' lang='lat' dir='ltr'>gratulabimur</span> <span class='ocrx_word' id='word_1_37' title='bbox 325 516 359 571; x_wconf 89' lang='lat' dir='ltr'>ei.</span> <span class='ocrx_word' id='word_1_38' title='bbox 374 518 409 572; x_wconf 88' lang='lat' dir='ltr'>Et</span> <span class='ocrx_word' id='word_1_39' title='bbox 419 517 536 592; x_wconf 71' lang='lat' dir='ltr'>reliqua.</span> <span class='ocrx_word' id='word_1_40' title='bbox 573 519 671 590; x_wconf 72' lang='lat' dir='ltr'>gelista</span> <span class='ocrx_word' id='word_1_41' title='bbox 688 517 919 592; x_wconf 72' lang='lat' dir='ltr'>premittendum</span> <span class='ocrx_word' id='word_1_42' title='bbox 938 518 1020 595; x_wconf 78' lang='lat' dir='ltr'>puti-</span> 
     </span>
    </p>

    <p class='ocr_par' dir='ltr' id='par_1_3' title="bbox 94 595 1021 756">
     <span class='ocr_line' id='line_1_7' title="bbox 120 595 1018 672; baseline 0.007 -20"><span class='ocrx_word' id='word_1_43' title='bbox 120 596 245 652; x_wconf 82' lang='lat' dir='ltr'>Homilia</span> <span class='ocrx_word' id='word_1_44' title='bbox 278 595 368 651; x_wconf 74' lang='lat' dir='ltr'>suncti</span> <span class='ocrx_word' id='word_1_45' title='bbox 390 596 538 654; x_wconf 72' lang='lat' dir='ltr'>Ambrosii</span> <span class='ocrx_word' id='word_1_46' title='bbox 573 596 638 664; x_wconf 84' lang='lat' dir='ltr'>vit,</span> <span class='ocrx_word' id='word_1_47' title='bbox 657 598 737 671; x_wconf 86' lang='lat' dir='ltr'>quod</span> <span class='ocrx_word' id='word_1_48' title='bbox 751 597 1018 672; x_wconf 75' lang='lat' dir='ltr'>plsiriruiiul&#39;u&#39;nten</span> 
     </span>
     <span class='ocr_line' id='line_1_8' title="bbox 94 675 1021 756; baseline 0.004 -24"><span class='ocrx_word' id='word_1_49' title='bbox 94 675 237 752; x_wconf 72' lang='lat' dir='ltr'><strong>Episcopi.</strong></span> <span class='ocrx_word' id='word_1_50' title='bbox 261 713 265 723; x_wconf 78' lang='lat'><strong>·</strong></span> <span class='ocrx_word' id='word_1_51' title='bbox 483 715 487 724; x_wconf 83' lang='lat'>·</span> <span class='ocrx_word' id='word_1_52' title='bbox 572 678 660 752; x_wconf 82' lang='lat' dir='ltr'>putris</span> <span class='ocrx_word' id='word_1_53' title='bbox 671 675 786 733; x_wconf 76' lang='lat' dir='ltr'>nilmine</span> <span class='ocrx_word' id='word_1_54' title='bbox 798 679 968 736; x_wconf 78' lang='lat' dir='ltr'>Zachariam</span> <span class='ocrx_word' id='word_1_55' title='bbox 976 699 1021 756; x_wconf 79' lang='lat' dir='ltr'>ap</span> 
     </span>
    </p>

    <p class='ocr_par' dir='ltr' id='par_1_4' title="bbox 87 751 1020 2496">
     <span class='ocr_line' id='line_1_9' title="bbox 134 751 1018 833; baseline 0.012 -28"><span class='ocrx_word' id='word_1_56' title='bbox 134 751 491 806; x_wconf 61' lang='lat' dir='ltr'>=1uu2.i·mi=tum,ni.1</span> <span class='ocrx_word' id='word_1_57' title='bbox 572 753 739 830; x_wconf 76' lang='lat' dir='ltr'>pellindum</span> <span class='ocrx_word' id='word_1_58' title='bbox 765 754 935 833; x_wconf 74' lang='lat' dir='ltr'>puteiveriut</span> <span class='ocrx_word' id='word_1_59' title='bbox 958 773 1018 816; x_wconf 87' lang='lat' dir='ltr'>:ut</span> 
     </span>
     <span class='ocr_line' id='line_1_10' title="bbox 93 809 1019 898; baseline 0.005 -7"><span class='ocrx_word' id='word_1_60' title='bbox 93 809 233 891; x_wconf 70' lang='lat' dir='ltr'>Puerum</span> <span class='ocrx_word' id='word_1_61' title='bbox 258 835 350 890; x_wconf 89' lang='lat' dir='ltr'>lilium</span> <span class='ocrx_word' id='word_1_62' title='bbox 368 837 537 898; x_wconf 77' lang='lat' dir='ltr'>Elisabeth,</span> <span class='ocrx_word' id='word_1_63' title='bbox 573 835 705 893; x_wconf 75' lang='lat' dir='ltr'>advertus</span> <span class='ocrx_word' id='word_1_64' title='bbox 723 837 807 892; x_wconf 78' lang='lat' dir='ltr'>matri</span> <span class='ocrx_word' id='word_1_65' title='bbox 829 857 890 894; x_wconf 92' lang='lat' dir='ltr'>nou</span> <span class='ocrx_word' id='word_1_66' title='bbox 912 859 1019 896; x_wconf 88' lang='lat' dir='ltr'>nornen</span> 
     </span>
     <span class='ocr_line' id='line_1_11' title="bbox 91 911 1020 993; baseline 0.008 -24"><span class='ocrx_word' id='word_1_67' title='bbox 91 926 118 969; x_wconf 87' lang='lat' dir='ltr'>et</span> <span class='ocrx_word' id='word_1_68' title='bbox 149 911 423 989; x_wconf 74' lang='lat' dir='ltr'>congratulabimur·</span> <span class='ocrx_word' id='word_1_69' title='bbox 441 916 536 972; x_wconf 76' lang='lat' dir='ltr'>vicini.</span> <span class='ocrx_word' id='word_1_70' title='bbox 572 915 690 988; x_wconf 80' lang='lat' dir='ltr'>alicujus</span> <span class='ocrx_word' id='word_1_71' title='bbox 701 915 876 992; x_wconf 81' lang='lat' dir='ltr'>displicuisse</span> <span class='ocrx_word' id='word_1_72' title='bbox 894 917 1020 993; x_wconf 71' lang='lat' dir='ltr'>dege&#39;ue-</span> 
     </span>
     <span class='ocr_line' id='line_1_12' title="bbox 91 993 1018 1064; baseline 0.006 -16"><span class='ocrx_word' id='word_1_73' title='bbox 91 993 185 1050; x_wconf 80' lang='lat' dir='ltr'>Habet</span> <span class='ocrx_word' id='word_1_74' title='bbox 196 993 366 1051; x_wconf 70' lang='lat' dir='ltr'>Sanctorum</span> <span class='ocrx_word' id='word_1_75' title='bbox 381 995 470 1051; x_wconf 88' lang='lat' dir='ltr'>editio</span> <span class='ocrx_word' id='word_1_76' title='bbox 486 998 537 1050; x_wconf 68' lang='lat' dir='ltr'>lu·</span> <span class='ocrx_word' id='word_1_77' title='bbox 573 995 628 1064; x_wconf 87' lang='lat' dir='ltr'>ris,</span> <span class='ocrx_word' id='word_1_78' title='bbox 651 996 702 1054; x_wconf 86' lang='lat' dir='ltr'>sed</span> <span class='ocrx_word' id='word_1_79' title='bbox 719 996 749 1052; x_wconf 93' lang='lat' dir='ltr'>id</span> <span class='ocrx_word' id='word_1_80' title='bbox 770 1009 867 1052; x_wconf 77' lang='lat' dir='ltr'>sancto</span> <span class='ocrx_word' id='word_1_81' title='bbox 893 997 1018 1054; x_wconf 81' lang='lat' dir='ltr'>inliisunr</span> 
     </span>
     <span class='ocr_line' id='line_1_13' title="bbox 90 1073 1019 1152; baseline 0.008 -24"><span class='ocrx_word' id='word_1_82' title='bbox 90 1073 182 1129; x_wconf 85' lang='lat' dir='ltr'>titiam</span> <span class='ocrx_word' id='word_1_83' title='bbox 210 1074 402 1150; x_wconf 67' lang='lat' dir='ltr'>plurimorum</span> <span class='ocrx_word' id='word_1_84' title='bbox 427 1115 435 1145; x_wconf 88' lang='lat'><strong>,</strong></span> <span class='ocrx_word' id='word_1_85' title='bbox 470 1075 537 1150; x_wconf 75' lang='lat' dir='ltr'>quie</span> <span class='ocrx_word' id='word_1_86' title='bbox 572 1075 699 1150; x_wconf 81' lang='lat' dir='ltr'>Spiritu,</span> <span class='ocrx_word' id='word_1_87' title='bbox 734 1075 814 1150; x_wconf 91' lang='lat' dir='ltr'>quod</span> <span class='ocrx_word' id='word_1_88' title='bbox 841 1077 877 1132; x_wconf 82' lang='lat' dir='ltr'>nb</span> <span class='ocrx_word' id='word_1_89' title='bbox 905 1081 1019 1152; x_wconf 78' lang='lat' dir='ltr'>Angelo</span> 
     </span>
     <span class='ocr_line' id='line_1_14' title="bbox 91 1153 1019 1234; baseline 0.002 -22"><span class='ocrx_word' id='word_1_90' title='bbox 91 1153 245 1212; x_wconf 76' lang='lat' dir='ltr'>commune</span> <span class='ocrx_word' id='word_1_91' title='bbox 269 1166 311 1210; x_wconf 85' lang='lat' dir='ltr'>est</span> <span class='ocrx_word' id='word_1_92' title='bbox 333 1155 453 1210; x_wconf 88' lang='lat' dir='ltr'>bonum.</span> <span class='ocrx_word' id='word_1_93' title='bbox 473 1157 537 1211; x_wconf 88' lang='lat' dir='ltr'>Jus-</span> <span class='ocrx_word' id='word_1_94' title='bbox 572 1165 638 1210; x_wconf 82' lang='lat' dir='ltr'>unte</span> <span class='ocrx_word' id='word_1_95' title='bbox 662 1155 803 1212; x_wconf 79' lang='lat' dir='ltr'>Zachariae</span> <span class='ocrx_word' id='word_1_96' title='bbox 825 1155 919 1212; x_wconf 81' lang='lat' dir='ltr'>hiernt</span> <span class='ocrx_word' id='word_1_97' title='bbox 947 1179 1019 1234; x_wconf 61' lang='lat' dir='ltr'>prae</span> 
     </span>
     <span class='ocr_line' id='line_1_15' title="bbox 90 1232 1019 1310; baseline 0.003 -20"><span class='ocrx_word' id='word_1_98' title='bbox 90 1233 150 1290; x_wconf 76' lang='lat' dir='ltr'>titia</span> <span class='ocrx_word' id='word_1_99' title='bbox 164 1234 242 1290; x_wconf 90' lang='lat' dir='ltr'>enim</span> <span class='ocrx_word' id='word_1_100' title='bbox 252 1233 412 1291; x_wconf 76' lang='lat' dir='ltr'>eommunis</span> <span class='ocrx_word' id='word_1_101' title='bbox 425 1245 467 1290; x_wconf 88' lang='lat' dir='ltr'>est</span> <span class='ocrx_word' id='word_1_102' title='bbox 480 1236 537 1290; x_wconf 75' lang='lat' dir='ltr'>vir·</span> <span class='ocrx_word' id='word_1_103' title='bbox 573 1232 742 1290; x_wconf 78' lang='lat' dir='ltr'>nuntiitum.</span> <span class='ocrx_word' id='word_1_104' title='bbox 773 1238 807 1290; x_wconf 87' lang='lat' dir='ltr'>Et</span> <span class='ocrx_word' id='word_1_105' title='bbox 832 1237 952 1310; x_wconf 89' lang='lat' dir='ltr'>quidem</span> <span class='ocrx_word' id='word_1_106' title='bbox 976 1241 1019 1294; x_wconf 86' lang='lat' dir='ltr'>ille</span> 
     </span>
     <span class='ocr_line' id='line_1_16' title="bbox 92 1311 1019 1387; baseline 0.004 -19"><span class='ocrx_word' id='word_1_107' title='bbox 92 1326 152 1370; x_wconf 86' lang='lat' dir='ltr'>tus:</span> <span class='ocrx_word' id='word_1_108' title='bbox 170 1325 198 1370; x_wconf 83' lang='lat' dir='ltr'>et</span> <span class='ocrx_word' id='word_1_109' title='bbox 211 1315 276 1370; x_wconf 88' lang='lat' dir='ltr'>ideo</span> <span class='ocrx_word' id='word_1_110' title='bbox 293 1315 320 1369; x_wconf 91' lang='lat' dir='ltr'>in</span> <span class='ocrx_word' id='word_1_111' title='bbox 335 1326 402 1370; x_wconf 86' lang='lat' dir='ltr'>ortu</span> <span class='ocrx_word' id='word_1_112' title='bbox 414 1314 482 1387; x_wconf 87' lang='lat' dir='ltr'>justi</span> <span class='ocrx_word' id='word_1_113' title='bbox 496 1315 536 1370; x_wconf 82' lang='lat' dir='ltr'>fu·</span> <span class='ocrx_word' id='word_1_114' title='bbox 572 1325 667 1370; x_wconf 88' lang='lat' dir='ltr'>mutus</span> <span class='ocrx_word' id='word_1_115' title='bbox 687 1311 820 1370; x_wconf 75' lang='lat' dir='ltr'>intimire</span> <span class='ocrx_word' id='word_1_116' title='bbox 845 1313 1019 1372; x_wconf 75' lang='lat' dir='ltr'>ructibulum</span> 
     </span>
     <span class='ocr_line' id='line_1_17' title="bbox 90 1392 1019 1472; baseline 0.004 -24"><span class='ocrx_word' id='word_1_117' title='bbox 90 1392 167 1462; x_wconf 65' lang='lat' dir='ltr'>titre</span> <span class='ocrx_word' id='word_1_118' title='bbox 182 1394 246 1448; x_wconf 69' lang='lat' dir='ltr'>vite</span> <span class='ocrx_word' id='word_1_119' title='bbox 265 1394 377 1467; x_wconf 77' lang='lat' dir='ltr'>insigne</span> <span class='ocrx_word' id='word_1_120' title='bbox 394 1395 538 1469; x_wconf 75' lang='lat' dir='ltr'>praentitti·</span> <span class='ocrx_word' id='word_1_121' title='bbox 572 1392 623 1448; x_wconf 77' lang='lat' dir='ltr'>filii</span> <span class='ocrx_word' id='word_1_122' title='bbox 637 1395 765 1468; x_wconf 84' lang='lat' dir='ltr'>nequivit</span> <span class='ocrx_word' id='word_1_123' title='bbox 778 1393 881 1450; x_wconf 74' lang='lat' dir='ltr'>uxori:</span> <span class='ocrx_word' id='word_1_124' title='bbox 899 1395 952 1452; x_wconf 86' lang='lat' dir='ltr'>sed</span> <span class='ocrx_word' id='word_1_125' title='bbox 968 1417 1019 1472; x_wconf 90' lang='lat' dir='ltr'>per</span> 
     </span>
     <span class='ocr_line' id='line_1_18' title="bbox 91 1471 1019 1547; baseline 0.005 -21"><span class='ocrx_word' id='word_1_126' title='bbox 91 1483 157 1541; x_wconf 90' lang='lat' dir='ltr'>tur,</span> <span class='ocrx_word' id='word_1_127' title='bbox 172 1484 200 1528; x_wconf 88' lang='lat' dir='ltr'>et</span> <span class='ocrx_word' id='word_1_128' title='bbox 220 1471 308 1546; x_wconf 74' lang='lat' dir='ltr'>grellia</span> <span class='ocrx_word' id='word_1_129' title='bbox 324 1473 462 1528; x_wconf 74' lang='lat' dir='ltr'>secuturae</span> <span class='ocrx_word' id='word_1_130' title='bbox 477 1474 537 1530; x_wconf 83' lang='lat' dir='ltr'>vir·</span> <span class='ocrx_word' id='word_1_131' title='bbox 571 1473 752 1547; x_wconf 79' lang='lat' dir='ltr'>prophetiam</span> <span class='ocrx_word' id='word_1_132' title='bbox 772 1474 918 1530; x_wconf 80' lang='lat' dir='ltr'>Elisabeth</span> <span class='ocrx_word' id='word_1_133' title='bbox 938 1475 1019 1531; x_wconf 84' lang='lat' dir='ltr'>didi-</span> 
     </span>
     <span class='ocr_line' id='line_1_19' title="bbox 90 1549 1018 1626; baseline 0.005 -21"><span class='ocrx_word' id='word_1_134' title='bbox 90 1549 158 1606; x_wconf 81' lang='lat' dir='ltr'>tiitis</span> <span class='ocrx_word' id='word_1_135' title='bbox 179 1552 351 1607; x_wconf 75' lang='lat' dir='ltr'>exultatione</span> <span class='ocrx_word' id='word_1_136' title='bbox 374 1551 536 1610; x_wconf 72' lang='lat' dir='ltr'>vicinorum</span> <span class='ocrx_word' id='word_1_137' title='bbox 572 1551 627 1619; x_wconf 87' lang='lat' dir='ltr'>eit,</span> <span class='ocrx_word' id='word_1_138' title='bbox 656 1553 736 1626; x_wconf 89' lang='lat' dir='ltr'>quod</span> <span class='ocrx_word' id='word_1_139' title='bbox 760 1571 820 1608; x_wconf 90' lang='lat' dir='ltr'>nou</span> <span class='ocrx_word' id='word_1_140' title='bbox 846 1554 1018 1612; x_wconf 79' lang='lat' dir='ltr'>didicenta</span> 
     </span>
     <span class='ocr_line' id='line_1_20' title="bbox 88 1627 686 1704; baseline 0.003 -20"><span class='ocrx_word' id='word_1_141' title='bbox 88 1628 291 1704; x_wconf 71' lang='lat' dir='ltr'>preligurinte</span> <span class='ocrx_word' id='word_1_142' title='bbox 309 1627 446 1704; x_wconf 72' lang='lat' dir='ltr'>signitur.</span> <span class='ocrx_word' id='word_1_143' title='bbox 472 1635 537 1690; x_wconf 88' lang='lat' dir='ltr'>Pul·</span> <span class='ocrx_word' id='word_1_144' title='bbox 573 1633 686 1687; x_wconf 80' lang='lat' dir='ltr'>marito.</span> 
     </span>
     <span class='ocr_line' id='line_1_21' title="bbox 89 1707 1018 1790; baseline 0.006 -26"><span class='ocrx_word' id='word_1_145' title='bbox 89 1709 158 1764; x_wconf 84' lang='lat' dir='ltr'>chre</span> <span class='ocrx_word' id='word_1_146' title='bbox 172 1720 267 1764; x_wconf 80' lang='lat' dir='ltr'>nutem</span> <span class='ocrx_word' id='word_1_147' title='bbox 278 1721 404 1784; x_wconf 86' lang='lat' dir='ltr'>tempus,</span> <span class='ocrx_word' id='word_1_148' title='bbox 414 1729 474 1786; x_wconf 83' lang='lat' dir='ltr'>quo</span> <span class='ocrx_word' id='word_1_149' title='bbox 484 1713 537 1770; x_wconf 81' lang='lat' dir='ltr'>luit</span> <span class='ocrx_word' id='word_1_150' title='bbox 613 1708 643 1789; x_wconf 64' lang='lat' dir='ltr'>tl.</span> <span class='ocrx_word' id='word_1_151' title='bbox 664 1707 780 1767; x_wconf 77' lang='lat' dir='ltr'>utbriel</span> <span class='ocrx_word' id='word_1_152' title='bbox 791 1715 921 1786; x_wconf 79' lang='lat' dir='ltr'>Angelus</span> <span class='ocrx_word' id='word_1_153' title='bbox 933 1713 1018 1790; x_wconf 77' lang='lat' dir='ltr'>uppi-</span> 
     </span>
     <span class='ocr_line' id='line_1_22' title="bbox 89 1783 1017 1864; baseline 0.008 -22"><span class='ocrx_word' id='word_1_154' title='bbox 89 1787 119 1842; x_wconf 86' lang='lat' dir='ltr'>in</span> <span class='ocrx_word' id='word_1_155' title='bbox 132 1785 217 1845; x_wconf 71' lang='lat' dir='ltr'>litero</span> <span class='ocrx_word' id='word_1_156' title='bbox 236 1791 377 1864; x_wconf 76' lang='lat' dir='ltr'>Propheta</span> <span class='ocrx_word' id='word_1_157' title='bbox 397 1783 536 1848; x_wconf 79' lang='lat' dir='ltr'>deseribi-</span> <span class='ocrx_word' id='word_1_158' title='bbox 571 1791 629 1846; x_wconf 86' lang='lat' dir='ltr'>ruit</span> <span class='ocrx_word' id='word_1_159' title='bbox 641 1793 781 1846; x_wconf 64' lang='lat' dir='ltr'>zacharie</span> <span class='ocrx_word' id='word_1_160' title='bbox 792 1833 800 1861; x_wconf 93' lang='lat'>,</span> <span class='ocrx_word' id='word_1_161' title='bbox 812 1793 913 1849; x_wconf 82' lang='lat' dir='ltr'>dicens</span> <span class='ocrx_word' id='word_1_162' title='bbox 926 1815 933 1848; x_wconf 91' lang='lat'>:</span> <span class='ocrx_word' id='word_1_163' title='bbox 946 1797 1017 1850; x_wconf 77' lang='lat' dir='ltr'>Nas-</span> 
     </span>
     <span class='ocr_line' id='line_1_23' title="bbox 89 1871 1016 1946; baseline 0.006 -23"><span class='ocrx_word' id='word_1_164' title='bbox 89 1879 153 1938; x_wconf 87' lang='lat' dir='ltr'>tur,</span> <span class='ocrx_word' id='word_1_165' title='bbox 166 1887 205 1925; x_wconf 85' lang='lat' dir='ltr'>ne</span> <span class='ocrx_word' id='word_1_166' title='bbox 219 1871 316 1925; x_wconf 79' lang='lat' dir='ltr'>Muriae</span> <span class='ocrx_word' id='word_1_167' title='bbox 333 1873 480 1946; x_wconf 62' lang='lat' dir='ltr'>presentie</span> <span class='ocrx_word' id='word_1_168' title='bbox 493 1883 536 1930; x_wconf 83' lang='lat' dir='ltr'>tu-</span> <span class='ocrx_word' id='word_1_169' title='bbox 572 1873 653 1926; x_wconf 76' lang='lat' dir='ltr'>cetur</span> <span class='ocrx_word' id='word_1_170' title='bbox 670 1871 722 1926; x_wconf 88' lang='lat' dir='ltr'>tibi</span> <span class='ocrx_word' id='word_1_171' title='bbox 733 1871 824 1940; x_wconf 80' lang='lat' dir='ltr'>silius,</span> <span class='ocrx_word' id='word_1_172' title='bbox 838 1891 945 1928; x_wconf 85' lang='lat' dir='ltr'>nomen</span> <span class='ocrx_word' id='word_1_173' title='bbox 957 1875 1016 1945; x_wconf 74' lang='lat' dir='ltr'>ejus</span> 
     </span>
     <span class='ocr_line' id='line_1_24' title="bbox 88 1944 1014 2026; baseline 0.002 -22"><span class='ocrx_word' id='word_1_174' title='bbox 88 1944 186 2004; x_wconf 77' lang='lat' dir='ltr'>celitur</span> <span class='ocrx_word' id='word_1_175' title='bbox 207 1951 282 2006; x_wconf 89' lang='lat' dir='ltr'>:sed</span> <span class='ocrx_word' id='word_1_176' title='bbox 307 1961 417 2026; x_wconf 86' lang='lat' dir='ltr'>tempus</span> <span class='ocrx_word' id='word_1_177' title='bbox 439 1952 536 2009; x_wconf 72' lang='lat' dir='ltr'>siletur</span> <span class='ocrx_word' id='word_1_178' title='bbox 570 1945 697 2006; x_wconf 82' lang='lat' dir='ltr'>Jotinnes</span> <span class='ocrx_word' id='word_1_179' title='bbox 720 1947 873 2007; x_wconf 72' lang='lat' dir='ltr'>vocibitur</span> <span class='ocrx_word' id='word_1_180' title='bbox 901 1971 909 2008; x_wconf 76' lang='lat' dir='ltr'>t</span> <span class='ocrx_word' id='word_1_181' title='bbox 938 1953 950 1978; x_wconf 84' lang='lat'>&#39;</span> <span class='ocrx_word' id='word_1_182' title='bbox 981 1955 1014 2008; x_wconf 75' lang='lat' dir='ltr'>Et</span> 
     </span>
     <span class='ocr_line' id='line_1_25' title="bbox 88 2024 1016 2107; baseline 0.005 -24"><span class='ocrx_word' id='word_1_183' title='bbox 88 2024 236 2100; x_wconf 66' lang='lat' dir='ltr'>inflatile,</span> <span class='ocrx_word' id='word_1_184' title='bbox 261 2049 297 2086; x_wconf 86' lang='lat' dir='ltr'>eo</span> <span class='ocrx_word' id='word_1_185' title='bbox 321 2031 386 2105; x_wconf 84' lang='lat' dir='ltr'>quin</span> <span class='ocrx_word' id='word_1_186' title='bbox 412 2028 535 2088; x_wconf 78' lang='lat' dir='ltr'>inlintiae</span> <span class='ocrx_word' id='word_1_187' title='bbox 571 2031 653 2086; x_wconf 87' lang='lat' dir='ltr'>multi</span> <span class='ocrx_word' id='word_1_188' title='bbox 671 2030 699 2086; x_wconf 90' lang='lat' dir='ltr'>in</span> <span class='ocrx_word' id='word_1_189' title='bbox 717 2026 862 2086; x_wconf 79' lang='lat' dir='ltr'>nativitite</span> <span class='ocrx_word' id='word_1_190' title='bbox 875 2029 1016 2107; x_wconf 74' lang='lat' dir='ltr'>ejus‘gan·</span> 
     </span>
     <span class='ocr_line' id='line_1_26' title="bbox 88 2108 690 2183; baseline 0.007 -21"><span class='ocrx_word' id='word_1_191' title='bbox 88 2109 291 2183; x_wconf 75' lang='lat' dir='ltr'>impedimento</span> <span class='ocrx_word' id='word_1_192' title='bbox 330 2111 458 2167; x_wconf 84' lang='lat' dir='ltr'>nescirit.</span> <span class='ocrx_word' id='word_1_193' title='bbox 499 2113 534 2168; x_wconf 84' lang='lat' dir='ltr'>Et</span> <span class='ocrx_word' id='word_1_194' title='bbox 571 2108 690 2166; x_wconf 74' lang='lat' dir='ltr'>debunt.</span> 
     </span>
     <span class='ocr_line' id='line_1_27' title="bbox 88 2187 1014 2267; baseline 0.004 -25"><span class='ocrx_word' id='word_1_195' title='bbox 88 2187 156 2243; x_wconf 87' lang='lat' dir='ltr'>ideo</span> <span class='ocrx_word' id='word_1_196' title='bbox 166 2188 195 2243; x_wconf 90' lang='lat' dir='ltr'>in</span> <span class='ocrx_word' id='word_1_197' title='bbox 205 2189 358 2264; x_wconf 69' lang='lat' dir='ltr'>Evangelio</span> <span class='ocrx_word' id='word_1_198' title='bbox 369 2191 438 2246; x_wconf 87' lang='lat' dir='ltr'>nihil</span> <span class='ocrx_word' id='word_1_199' title='bbox 448 2209 535 2267; x_wconf 83' lang='lat' dir='ltr'>super</span> <span class='ocrx_word' id='word_1_200' title='bbox 610 2189 643 2256; x_wconf 60' lang='grc' dir='ltr'>ἵ.</span> <span class='ocrx_word' id='word_1_201' title='bbox 663 2189 724 2246; x_wconf 84' lang='lat' dir='ltr'>Erit</span> <span class='ocrx_word' id='word_1_202' title='bbox 740 2190 816 2246; x_wconf 86' lang='lat' dir='ltr'>enim</span> <span class='ocrx_word' id='word_1_203' title='bbox 830 2208 952 2264; x_wconf 75' lang='lat' dir='ltr'>magnus</span> <span class='ocrx_word' id='word_1_204' title='bbox 966 2209 1014 2246; x_wconf 85' lang='lat' dir='ltr'>eo·</span> 
     </span>
     <span class='ocr_line' id='line_1_28' title="bbox 89 2267 1014 2343; baseline 0.009 -22"><span class='ocrx_word' id='word_1_205' title='bbox 89 2284 124 2322; x_wconf 88' lang='lat' dir='ltr'>eo</span> <span class='ocrx_word' id='word_1_206' title='bbox 137 2268 256 2342; x_wconf 70' lang='lat' dir='ltr'>legimus</span> <span class='ocrx_word' id='word_1_207' title='bbox 267 2267 340 2340; x_wconf 89' lang='lat' dir='ltr'>‚nisi</span> <span class='ocrx_word' id='word_1_208' title='bbox 352 2282 447 2326; x_wconf 88' lang='lat' dir='ltr'>ortum</span> <span class='ocrx_word' id='word_1_209' title='bbox 464 2271 533 2343; x_wconf 87' lang='lat' dir='ltr'>ejus,</span> <span class='ocrx_word' id='word_1_210' title='bbox 570 2287 631 2323; x_wconf 77' lang='lat' dir='ltr'>ram</span> <span class='ocrx_word' id='word_1_211' title='bbox 652 2268 787 2325; x_wconf 69' lang='lat' dir='ltr'>Domino.</span> <span class='ocrx_word' id='word_1_212' title='bbox 809 2271 919 2328; x_wconf 84' lang='lat' dir='ltr'>Vinum</span> <span class='ocrx_word' id='word_1_213' title='bbox 936 2281 965 2327; x_wconf 90' lang='lat' dir='ltr'>et</span> <span class='ocrx_word' id='word_1_214' title='bbox 979 2272 1014 2326; x_wconf 80' lang='lat' dir='ltr'>si-</span> 
     </span>
     <span class='ocr_line' id='line_1_29' title="bbox 88 2345 841 2416; baseline 0.005 -16"><span class='ocrx_word' id='word_1_215' title='bbox 88 2357 115 2401; x_wconf 86' lang='lat' dir='ltr'>et</span> <span class='ocrx_word' id='word_1_216' title='bbox 141 2345 303 2416; x_wconf 73' lang='lat' dir='ltr'>orinnlnm,</span> <span class='ocrx_word' id='word_1_217' title='bbox 330 2349 534 2407; x_wconf 78' lang='lat' dir='ltr'>exultutiiinem</span> <span class='ocrx_word' id='word_1_218' title='bbox 570 2366 664 2406; x_wconf 75' lang='lat' dir='ltr'>ceram</span> <span class='ocrx_word' id='word_1_219' title='bbox 681 2349 841 2406; x_wconf 83' lang='lat' dir='ltr'>nonbibet.</span> 
     </span>
     <span class='ocr_line' id='line_1_30' title="bbox 87 2425 750 2496; baseline 0.006 -16"><span class='ocrx_word' id='word_1_220' title='bbox 87 2426 116 2480; x_wconf 93' lang='lat' dir='ltr'>in</span> <span class='ocrx_word' id='word_1_221' title='bbox 129 2425 213 2482; x_wconf 70' lang='lat' dir='ltr'>litero</span> <span class='ocrx_word' id='word_1_222' title='bbox 224 2427 351 2496; x_wconf 64' lang='lat' dir='ltr'>,uocem</span> <span class='ocrx_word' id='word_1_223' title='bbox 366 2431 394 2483; x_wconf 93' lang='lat' dir='ltr'>in</span> <span class='ocrx_word' id='word_1_224' title='bbox 408 2430 532 2487; x_wconf 69' lang='lat' dir='ltr'>deserto.</span> <span class='ocrx_word' id='word_1_225' title='bbox 609 2429 646 2485; x_wconf 86' lang='lat' dir='ltr'>Et</span> <span class='ocrx_word' id='word_1_226' title='bbox 661 2428 750 2484; x_wconf 86' lang='lat' dir='ltr'>multi.</span> 
     </span>
    </p>

    <p class='ocr_par' dir='ltr' id='par_1_5' title="bbox 88 2502 800 2662">
     <span class='ocr_line' id='line_1_31' title="bbox 127 2502 800 2584; baseline 0.001 -22"><span class='ocrx_word' id='word_1_227' title='bbox 127 2502 157 2584; x_wconf 74' lang='lat' dir='ltr'>r).</span> <span class='ocrx_word' id='word_1_228' title='bbox 169 2506 331 2564; x_wconf 74' lang='lat' dir='ltr'>Praecrirsor</span> <span class='ocrx_word' id='word_1_229' title='bbox 350 2507 465 2564; x_wconf 75' lang='lat' dir='ltr'>Domini</span> <span class='ocrx_word' id='word_1_230' title='bbox 483 2529 533 2568; x_wconf 79' lang='lat' dir='ltr'>ve·</span> <span class='ocrx_word' id='word_1_231' title='bbox 609 2506 705 2563; x_wconf 75' lang='lat' dir='ltr'>Gloria</span> <span class='ocrx_word' id='word_1_232' title='bbox 717 2508 800 2564; x_wconf 85' lang='lat' dir='ltr'>Patri.</span> 
     </span>
     <span class='ocr_line' id='line_1_32' title="bbox 88 2585 748 2662; baseline 0.009 -24"><span class='ocrx_word' id='word_1_233' title='bbox 88 2585 144 2654; x_wconf 86' lang='lat' dir='ltr'>nit,</span> <span class='ocrx_word' id='word_1_234' title='bbox 169 2587 206 2644; x_wconf 88' lang='lat' dir='ltr'>‹le</span> <span class='ocrx_word' id='word_1_235' title='bbox 219 2607 278 2661; x_wconf 88' lang='lat' dir='ltr'>quo</span> <span class='ocrx_word' id='word_1_236' title='bbox 299 2587 359 2662; x_wconf 88' lang='lat' dir='ltr'>ipse</span> <span class='ocrx_word' id='word_1_237' title='bbox 371 2586 492 2644; x_wconf 77' lang='lat' dir='ltr'>testitur</span> <span class='ocrx_word' id='word_1_238' title='bbox 503 2591 532 2645; x_wconf 66' lang='grc' dir='ltr'>ε’</span> <span class='ocrx_word' id='word_1_239' title='bbox 607 2589 644 2644; x_wconf 88' lang='lat' dir='ltr'>Et</span> <span class='ocrx_word' id='word_1_240' title='bbox 656 2587 748 2644; x_wconf 90' lang='lat' dir='ltr'>multi.</span> 
     </span>
    </p>

    <p class='ocr_par' dir='ltr' id='par_1_6' title="bbox 86 2665 1013 2822">
     <span class='ocr_line' id='line_1_33' title="bbox 86 2665 1013 2739; baseline 0.003 -20"><span class='ocrx_word' id='word_1_241' title='bbox 86 2665 189 2720; x_wconf 83' lang='lat' dir='ltr'>Nullus</span> <span class='ocrx_word' id='word_1_242' title='bbox 199 2668 290 2739; x_wconf 77' lang='lat' dir='ltr'>major</span> <span class='ocrx_word' id='word_1_243' title='bbox 300 2668 375 2723; x_wconf 87' lang='lat' dir='ltr'>inter</span> <span class='ocrx_word' id='word_1_244' title='bbox 383 2679 466 2724; x_wconf 80' lang='lat' dir='ltr'>natos</span> <span class='ocrx_word' id='word_1_245' title='bbox 475 2689 534 2726; x_wconf 88' lang='lat' dir='ltr'>mu·</span> <span class='ocrx_word' id='word_1_246' title='bbox 610 2667 772 2724; x_wconf 79' lang='lat' dir='ltr'>Benedictio</span> <span class='ocrx_word' id='word_1_247' title='bbox 783 2665 830 2722; x_wconf 73' lang='lat' dir='ltr'>td</span> <span class='ocrx_word' id='word_1_248' title='bbox 841 2665 1013 2726; x_wconf 75' lang='lat' dir='ltr'>societitem.</span> 
     </span>
     <span class='ocr_line' id='line_1_34' title="bbox 86 2743 875 2822; baseline 0.006 -25"><span class='ocrx_word' id='word_1_249' title='bbox 86 2743 188 2800; x_wconf 84' lang='lat' dir='ltr'>lierum</span> <span class='ocrx_word' id='word_1_250' title='bbox 201 2744 313 2802; x_wconf 78' lang='lat' dir='ltr'>Jotnne</span> <span class='ocrx_word' id='word_1_251' title='bbox 327 2749 459 2822; x_wconf 72' lang='lat' dir='ltr'>Baptista.</span> <span class='ocrx_word' id='word_1_252' title='bbox 706 2765 812 2802; x_wconf 80' lang='lat' dir='ltr'>uucrio</span> <span class='ocrx_word' id='word_1_253' title='bbox 835 2765 875 2802; x_wconf 82' lang='lat' dir='ltr'>rx.</span> 
     </span>
    </p>

    <p class='ocr_par' dir='ltr' id='par_1_7' title="bbox 85 2797 1015 3060">
     <span class='ocr_line' id='line_1_35' title="bbox 127 2797 1014 2903; baseline 0.006 -25"><span class='ocrx_word' id='word_1_254' title='bbox 127 2823 160 2891; x_wconf 54' lang='grc' dir='ltr'>ἵ.</span> <span class='ocrx_word' id='word_1_255' title='bbox 175 2825 227 2879; x_wconf 90' lang='lat' dir='ltr'>Hic</span> <span class='ocrx_word' id='word_1_256' title='bbox 240 2837 281 2880; x_wconf 88' lang='lat' dir='ltr'>est</span> <span class='ocrx_word' id='word_1_257' title='bbox 294 2825 369 2880; x_wconf 86' lang='lat' dir='ltr'>enim</span> <span class='ocrx_word' id='word_1_258' title='bbox 382 2829 532 2903; x_wconf 72' lang='lat' dir='ltr'>Propheta,</span> <span class='ocrx_word' id='word_1_259' title='bbox 567 2797 591 2877; x_wconf 83' lang='lat' dir='ltr'><strong>J</strong></span> <span class='ocrx_word' id='word_1_260' title='bbox 593 2843 705 2882; x_wconf 76' lang='lat' dir='ltr'>oirues</span> <span class='ocrx_word' id='word_1_261' title='bbox 729 2837 771 2882; x_wconf 89' lang='lat' dir='ltr'>est</span> <span class='ocrx_word' id='word_1_262' title='bbox 787 2867 794 2896; x_wconf 94' lang='lat'>,</span> <span class='ocrx_word' id='word_1_263' title='bbox 821 2825 936 2900; x_wconf 88' lang='lat' dir='ltr'>inquit,</span> <span class='ocrx_word' id='word_1_264' title='bbox 961 2847 1014 2883; x_wconf 91' lang='lat' dir='ltr'>no·</span> 
     </span>
     <span class='ocr_line' id='line_1_36' title="bbox 86 2898 1015 2981; baseline 0.005 -25"><span class='ocrx_word' id='word_1_265' title='bbox 86 2911 113 2957; x_wconf 88' lang='lat' dir='ltr'>et</span> <span class='ocrx_word' id='word_1_266' title='bbox 134 2898 199 2977; x_wconf 76' lang='lat' dir='ltr'>plui</span> <span class='ocrx_word' id='word_1_267' title='bbox 217 2921 301 2976; x_wconf 83' lang='lat' dir='ltr'>quum</span> <span class='ocrx_word' id='word_1_268' title='bbox 319 2907 477 2981; x_wconf 73' lang='lat' dir='ltr'>Propheta,</span> <span class='ocrx_word' id='word_1_269' title='bbox 495 2907 532 2963; x_wconf 85' lang='lat' dir='ltr'>de</span> <span class='ocrx_word' id='word_1_270' title='bbox 568 2923 633 2960; x_wconf 88' lang='lat' dir='ltr'>men</span> <span class='ocrx_word' id='word_1_271' title='bbox 647 2905 708 2978; x_wconf 87' lang='lat' dir='ltr'>ejus</span> <span class='ocrx_word' id='word_1_272' title='bbox 724 2925 730 2960; x_wconf 92' lang='lat'><strong>:</strong></span> <span class='ocrx_word' id='word_1_273' title='bbox 747 2905 874 2976; x_wconf 80' lang='lat' dir='ltr'>honest,</span> <span class='ocrx_word' id='word_1_274' title='bbox 890 2923 951 2962; x_wconf 89' lang='lat' dir='ltr'>non</span> <span class='ocrx_word' id='word_1_275' title='bbox 965 2925 1015 2961; x_wconf 84' lang='lat' dir='ltr'>nos</span> 
     </span>
     <span class='ocr_line' id='line_1_37' title="bbox 85 2977 1015 3060; baseline 0.005 -25"><span class='ocrx_word' id='word_1_276' title='bbox 85 2999 143 3054; x_wconf 86' lang='lat' dir='ltr'>quo</span> <span class='ocrx_word' id='word_1_277' title='bbox 162 2977 292 3036; x_wconf 77' lang='lat' dir='ltr'>Salvitor</span> <span class='ocrx_word' id='word_1_278' title='bbox 307 2983 353 3038; x_wconf 89' lang='lat' dir='ltr'>nit.</span> <span class='ocrx_word' id='word_1_279' title='bbox 569 2984 594 3038; x_wconf 87' lang='lat' dir='ltr'>ei</span> <span class='ocrx_word' id='word_1_280' title='bbox 617 3003 722 3040; x_wconf 91' lang='lat' dir='ltr'>nomen</span> <span class='ocrx_word' id='word_1_281' title='bbox 746 2983 944 3060; x_wconf 74' lang='lat' dir='ltr'>imponimus,</span> <span class='ocrx_word' id='word_1_282' title='bbox 970 2985 1015 3060; x_wconf 91' lang='lat' dir='ltr'>qui</span> 
     </span>
    </p>

    <p class='ocr_par' dir='ltr' id='par_1_8' title="bbox 124 3061 1014 3141">
     <span class='ocr_line' id='line_1_38' title="bbox 124 3061 1014 3141; baseline 0.003 -26"><span class='ocrx_word' id='word_1_283' title='bbox 124 3061 236 3116; x_wconf 87' lang='lat' dir='ltr'>Nullus.</span> <span class='ocrx_word' id='word_1_284' title='bbox 566 3063 622 3134; x_wconf 84' lang='lat' dir='ltr'>jum</span> <span class='ocrx_word' id='word_1_285' title='bbox 643 3083 658 3118; x_wconf 81' lang='lat' dir='ltr'>u</span> <span class='ocrx_word' id='word_1_286' title='bbox 682 3066 745 3119; x_wconf 93' lang='lat' dir='ltr'>Deo</span> <span class='ocrx_word' id='word_1_287' title='bbox 768 3083 875 3119; x_wconf 90' lang='lat' dir='ltr'>nornen</span> <span class='ocrx_word' id='word_1_288' title='bbox 896 3067 1014 3141; x_wconf 79' lang='lat' dir='ltr'>nccc&#39;pit.</span> 
     </span>
    </p>

    <p class='ocr_par' dir='ltr' id='par_1_9' title="bbox 85 3139 1017 3298">
     <span class='ocr_line' id='line_1_39' title="bbox 125 3139 1015 3220; baseline 0.006 -25"><span class='ocrx_word' id='word_1_289' title='bbox 125 3141 289 3195; x_wconf 81' lang='lat' dir='ltr'>Benedictio</span> <span class='ocrx_word' id='word_1_290' title='bbox 313 3140 403 3212; x_wconf 85' lang='lat' dir='ltr'>Cujus</span> <span class='ocrx_word' id='word_1_291' title='bbox 428 3142 531 3199; x_wconf 78' lang='lat' dir='ltr'>festum</span> <span class='ocrx_word' id='word_1_292' title='bbox 568 3139 1015 3220; x_wconf 73' lang='lat' dir='ltr'>Hubetvoeibulumsnurnquod</span> 
     </span>
     <span class='ocr_line' id='line_1_40' title="bbox 85 3217 1017 3298; baseline 0.006 -26"><span class='ocrx_word' id='word_1_293' title='bbox 85 3217 212 3274; x_wconf 71' lang='lat' dir='ltr'>colimus.</span> <span class='ocrx_word' id='word_1_294' title='bbox 567 3221 751 3296; x_wconf 73' lang='lat' dir='ltr'>agnovimus,</span> <span class='ocrx_word' id='word_1_295' title='bbox 768 3241 828 3278; x_wconf 89' lang='lat' dir='ltr'>non</span> <span class='ocrx_word' id='word_1_296' title='bbox 838 3223 920 3297; x_wconf 89' lang='lat' dir='ltr'>quod</span> <span class='ocrx_word' id='word_1_297' title='bbox 933 3225 1017 3298; x_wconf 70' lang='lat' dir='ltr'>elegi</span> 
     </span>
    </p>

    <p class='ocr_par' dir='ltr' id='par_1_10' title="bbox 83 3301 1016 3530">
     <span class='ocr_line' id='line_1_41' title="bbox 197 3301 1016 3360; baseline 0.01 -10"><span class='ocrx_word' id='word_1_298' title='bbox 197 3313 328 3350; x_wconf 80' lang='lat' dir='ltr'>uecrro</span> <span class='ocrx_word' id='word_1_299' title='bbox 350 3313 418 3350; x_wconf 80' lang='lat' dir='ltr'>vrrr.</span> <span class='ocrx_word' id='word_1_300' title='bbox 567 3319 639 3356; x_wconf 88' lang='lat' dir='ltr'>mus.</span> <span class='ocrx_word' id='word_1_301' title='bbox 670 3301 785 3356; x_wconf 80' lang='lat' dir='ltr'>Habent</span> <span class='ocrx_word' id='word_1_302' title='bbox 825 3303 882 3358; x_wconf 88' lang='lat' dir='ltr'>hoe</span> <span class='ocrx_word' id='word_1_303' title='bbox 917 3307 1016 3360; x_wconf 70' lang='lat' dir='ltr'>merita</span> 
     </span>
     <span class='ocr_line' id='line_1_42' title="bbox 84 3347 1016 3447; baseline 0.012 -19"><span class='ocrx_word' id='word_1_304' title='bbox 84 3347 198 3436; x_wconf 66' lang='lat' dir='ltr'>Nequi</span> <span class='ocrx_word' id='word_1_305' title='bbox 215 3373 289 3428; x_wconf 86' lang='lat' dir='ltr'>enim</span> <span class='ocrx_word' id='word_1_306' title='bbox 302 3374 390 3428; x_wconf 81' lang='lat' dir='ltr'>ullum</span> <span class='ocrx_word' id='word_1_307' title='bbox 406 3371 530 3432; x_wconf 76' lang='lat' dir='ltr'>inlintiae</span> <span class='ocrx_word' id='word_1_308' title='bbox 566 3377 752 3447; x_wconf 70' lang='lat' dir='ltr'>sinclitium,</span> <span class='ocrx_word' id='word_1_309' title='bbox 763 3391 794 3434; x_wconf 93' lang='lat' dir='ltr'>ut</span> <span class='ocrx_word' id='word_1_310' title='bbox 805 3397 821 3436; x_wconf 76' lang='lat' dir='ltr'>e</span> <span class='ocrx_word' id='word_1_311' title='bbox 833 3383 898 3436; x_wconf 86' lang='lat' dir='ltr'>Deo</span> <span class='ocrx_word' id='word_1_312' title='bbox 909 3399 1016 3438; x_wconf 77' lang='lat' dir='ltr'>nomen</span> 
     </span>
     <span class='ocr_line' id='line_1_43' title="bbox 83 3448 1016 3530; baseline 0.017 -30"><span class='ocrx_word' id='word_1_313' title='bbox 83 3449 170 3502; x_wconf 79' lang='lat' dir='ltr'>sensit</span> <span class='ocrx_word' id='word_1_314' title='bbox 183 3448 467 3526; x_wconf 72' lang='lat' dir='ltr'>etitem,quieuprn</span> <span class='ocrx_word' id='word_1_315' title='bbox 479 3469 531 3508; x_wconf 82' lang='lat' dir='ltr'>nn-</span> <span class='ocrx_word' id='word_1_316' title='bbox 566 3457 714 3530; x_wconf 75' lang='lat' dir='ltr'>incipiunt.</span> <span class='ocrx_word' id='word_1_317' title='bbox 741 3458 787 3514; x_wconf 82' lang='lat' dir='ltr'>Sin</span> <span class='ocrx_word' id='word_1_318' title='bbox 806 3461 900 3516; x_wconf 73' lang='lat' dir='ltr'>Jacob</span> <span class='ocrx_word' id='word_1_319' title='bbox 929 3463 1016 3518; x_wconf 67' lang='lat' dir='ltr'>isreel</span> 
     </span>
    </p>
   </div>
   <div class='ocr_carea' id='block_1_3' title="bbox 0 0 1088 3824">
    <p class='ocr_par' dir='ltr' id='par_1_11' title="bbox 0 0 1088 3824">
     <span class='ocr_line' id='line_1_44' title="bbox 0 0 1088 3824; baseline 0 1"><span class='ocrx_word' id='word_1_320' title='bbox 0 0 1088 3824; x_wconf 95' lang='lat' dir='ltr'> </span> 
     </span>
    </p>
   </div>
   <div class='ocr_carea' id='block_1_4' title="bbox 416 3737 526 3788">
    <p class='ocr_par' dir='ltr' id='par_1_12' title="bbox 416 3737 526 3788">
     <span class='ocr_line' id='line_1_45' title="bbox 416 3737 526 3788; baseline 0 0"><span class='ocrx_word' id='word_1_321' title='bbox 416 3737 526 3788; x_wconf 62' lang='lat' dir='ltr'>A</span> 
     </span>
    </p>
   </div>
  </div>
 </body>
</html>
