2228 3834
75 49 131 92 ute
419 45 507 86 ιιιιιι
528 42 662 82 οοιιιιιι

68 136 159 194 nititur
195 130 375 192 seminibus
407 131 520 188 Christi.
555 139 714 204 postquam
732 121 868 194 connivit,
890 123 1013 182 dicens:

109 213 140 294 r).
151 211 337 274 Coeninubus
346 211 400 268 iliis
411 211 519 287 accipit
555 208 609 264 Hic
615 206 689 262 calix
694 224 801 261 novum
807 207 1014 260 testamintum

70 297 154 352 Jesns
174 312 291 370 panem,
309 303 338 348 et
352 291 518 360 benedixit,
555 287 642 344 estin
661 303 727 340 mco
744 281 902 357 singtdne:
917 283 931 308 *
944 285 1013 339 Hoc

71 375 210 448 ecfregit,
226 371 363 444 deditque
374 370 520 444 discipulis
555 363 638 422 ficite
648 365 677 420 in
689 381 781 420 meam
796 380 1013 420 commemora·-

70 455 143 523 suis,
167 465 195 508 et
218 452 274 508 ait:
292 451 306 475 *
324 449 472 524 Accipite,
492 461 520 506 et
555 443 672 502 ῑὶόῐιθω·

69 531 232 588 come'dite:
260 531 316 586 hoc
344 539 387 584 est
416 547 520 603 corpus
592 524 624 590 7·
650 521 791 578 Mem⁶rlss
810 539 923 576 m⁸¹¹¹⁰r
942 539 1011 588 ²¹¹⁰,
1044 533 1046 537 ’

69 629 174 668 meum.
556 597 1011 664 ettabtiscetinnteinimnmen.

109 691 141 757 y.
158 689 301 744 Dixdrunt
314 685 368 741 viri
387 682 520 742 taberni-
598 683 662 738 Hoc
679 677 770 736 sinite.

71 769 127 825 culi
139 768 210 824 mei:
224 767 296 837 Quis
309 767 359 822 det
370 764 407 820 de
424 761 520 822 cirni-
700 777 808 814 securo
828 778 869 815 ιι.

70 849 125 904 bus
147 847 208 919 ejus
225 857 257 902 ut
274 844 454 902 sature'mttr?
734 836 792 884 [⁰¹¹’·
807 835 834 884 ⁵¹]

109 927 250 1002 Accipite.
555 895 580 976 J
581 944 621 980 ιιι
634 923 698 980 redi
715 942 827 979 mecum
840 923 877 980 nd
891 943 1010 1001 propo·

141 1023 142 1026 ’
215 1023 321 1060 uncrro
343 1023 369 1058 v.
556 1003 940 1077 sitidnenmenm.Magnum
948 1005 1011 1079 qui-

70 1059 163 1142 Enco
175 1103 268 1141 sermo
279 1083 382 1150 Christi
391 1083 446 1138 hoc
457 1079 522 1138 cdn·
557 1083 623 1138 dem
655 1095 684 1140 et
708 1078 897 1152 veneritne,
929 1084 1011 1157 quod

71 1163 130 1220 ficit
144 1167 366 1221 Sacramentum.
380 1162 451 1232 Quis
461 1180 521 1218 ser·
556 1181 660 1218 manne
679 1162 785 1218 Judaeis
803 1162 877 1236 pluit
893 1180 909 1218 e
924 1164 1008 1220 coelu.

71 1261 121 1300 mo
138 1243 267 1300 Christi?
285 1244 395 1315 Nempe
415 1240 439 1296 is
462 1259 521 1313 quo
557 1241 614 1298 Sed
631 1241 770 1316 intellige,
790 1240 860 1314 quid
882 1253 925 1298 est
945 1238 1010 1298 dm-

71 1319 521 1386 tnensuntdmnia.sussit1)6-
556 1321 630 1394 p1ius
653 1339 757 1376 munna
782 1319 819 1374 de
845 1321 944 1388 coeio,
972 1340 1010 1377 nn

71 1402 179 1470 minus,
192 1412 219 1456 et
230 1401 336 1456 facturn
347 1408 389 1453 est
401 1399 520 1454 coeium:
558 1401 670 1474 Corpus
676 1399 910 1474 Christiicorpus
916 1401 1009 1456 Chris-

69 1479 153 1552 jussit
172 1477 326 1546 deinus,
344 1488 371 1532 et
389 1476 463 1532 facta
479 1489 522 1534 est
557 1479 578 1534 ti
588 1478 695 1552 titique,
707 1479 757 1552 qui
771 1489 872 1534 auctor
882 1489 925 1534 est
935 1479 1007 1536 coeli.

72 1569 171 1614 terra:
193 1556 276 1629 jussit
302 1555 462 1627 deinus,
494 1569 522 1614 et
557 1558 685 1628 Deinde,
701 1558 868 1631 manusqui
881 1558 1008 1616 mendu-

71 1635 230 1692 factasunt
245 1631 333 1692 insirin
346 1656 353 1690 :
363 1635 448 1708 jussit
460 1635 522 1693 Dd-
557 1633 644 1705 civit,
656 1635 787 1694 mdrtuus
798 1647 854 1692 est:
868 1637 920 1711 qui
929 1657 1010 1694 man·

72 1714 188 1784 mutus,
215 1725 243 1771 et
273 1715 366 1772 omnis
391 1715 521 1772 creuttiru
558 1713 706 1773 duciverit
720 1717 775 1772 hoc
789 1735 905 1792 corpus,
920 1716 969 1774 fiet
982 1717 1008 1774 ei

72 1791 208 1868 genertita
241 1805 292 1850 est.
325 1793 413 1852 Vides
451 1814 521 1870 ergo
557 1796 685 1852 remissio
697 1794 1009 1870 peccatdrutn,etnen

73 1892 159 1948 qunm
179 1871 359 1948 operatdrius
374 1875 410 1930 sit
426 1892 521 1932 sermo
557 1875 697 1932 morie'tur
715 1875 746 1930 in
761 1877 907 1932 eternum.
929 1877 1008 1950 Ergo

73 1952 186 2009 Christi.
199 1952 229 2010 Si
245 1971 315 2028 ergo
330 1965 408 2010 tnntn
423 1953 466 2010 vis
480 1967 522 2011 est
550 1969 618 2010 nnn
634 1953 741 2024 otidse,
755 1973 819 2010 cum
836 1951 959 2029 decipis,
976 1965 1008 2010 tu

73 2031 104 2088 in
117 2031 248 2090 sermdne
262 2032 378 2090 deini
393 2036 475 2104 Jcsu,
490 2044 523 2089 ut
558 2032 645 2103 dicis,
658 2037 767 2089 Amen:
782 2033 842 2105 jum
861 2033 891 2088 in
905 2034 1009 2108 spiritu

35 2113 44 2122 '
74 2111 234 2188 inciperent
268 2132 329 2170 esse
365 2133 428 2188 quae
462 2131 522 2168 ιιοιι
558 2109 921 2186 cdnfitensqnodeccipins
936 2115 1009 2169 Con-

74 2203 174 2248 ernnt:
190 2203 298 2267 quanto
312 2193 401 2267 magis
417 2210 522 2266 operc-
558 2211 613 2266 pus
627 2191 739 2248 Christi.
754 2191 831 2248 Dicit
844 2191 897 2246 tibi
914 2195 1008 2249 sucer-

75 2269 166 2327 tdrius
191 2283 252 2342 est,
277 2283 310 2326 nt
335 2291 399 2344 quae
422 2282 522 2338 crant,
559 2271 631 2341 dos,
653 2273 765 2345 Corpus
785 2270 902 2340 Christi,
923 2284 950 2328 et
976 2283 1008 2326 tu

73 2350 105 2405 in
122 2346 201 2406 iliud
217 2349 444 2406 commutentur?
459 2351 522 2405 Coe-
559 2351 1005 2419 dicis,Amen:hocestven1m.

74 2429 284 2496 lemnonerat,
295 2446 442 2484 marenon
453 2440 522 2499 erat,
558 2431 648 2501 Quod
665 2429 817 2488 confitetur
834 2429 945 2504 lingua,
966 2431 1008 2486 tt-

73 2517 149 2563 tcrrn
166 2527 225 2562 non
242 2507 383 2562 suntsed
399 2505 466 2560 nudi
482 2507 525 2562 di·
559 2521 625 2566 nent
640 2512 765 2568 effectus.

74 2588 205 2642 centem:
220 2586 285 2659 Ipse
303 2585 393 2654 dixit,
409 2595 437 2640 et
451 2586 522 2642 sactu
593 2585 629 2648 ιι).
654 2593 716 2665 Ego
735 2607 800 2646 sunt
824 2587 906 2663 penis
924 2588 1004 2646 vite:

73 2674 156 2720 sunt:
170 2663 234 2738 ipse
243 2661 398 2733 inaudivit,
410 2675 438 2720 ct
447 2663 524 2722 crei-
558 2679 654 2742 patres
666 2669 752 2724 vestri
763 2668 1009 2725 manducaverunt

73 2753 102 2802 ta
113 2753 187 2798 sunt.
202 2743 279 2816 Ergo
292 2743 342 2800 tibi
357 2756 389 2800 nt
402 2743 524 2820 respdn-
559 2765 662 2804 manna
673 2748 703 2802 in
718 2747 846 2816 desisto,
859 2759 887 2804 et
903 2747 1008 2804 mdrtui

73 2821 524 2898 dmnoneratcorpusfihristi
559 2838 638 2882 sunt:
652 2826 728 2882 *Hic
741 2837 783 2882 est
795 2826 877 2900 panis
885 2827 922 2882 dn
935 2827 1007 2883 coelo

75 2911 140 2958 unte
170 2900 439 2958 consecratidnern:
472 2905 523 2962 sed
560 2905 744 2962 descendens:
754 2916 786 2961 ut
795 2906 934 2979 siquisex
944 2906 1007 2980 ipso

73 2991 140 3056 post
155 2979 398 3038 consecratidnem
414 2982 480 3040 dico
493 2985 522 3042 ti·
558 2985 730 3054 mnndticct,
742 3003 802 3041 non
815 2980 963 3042 morititur.

73 3059 105 3120 bi
130 3059 210 3134 quod
240 3059 299 3132 jum
335 3063 447 3138 eorpus
481 3075 523 3120 est
599 3064 631 3132 ι).
650 3067 711 3138 Egn
726 3083 787 3120 sum
806 3065 889 3138 punis
909 3065 1005 3134 vivus,

74 3139 190 3208 Christi,
203 3139 267 3214 Ipse
286 3139 366 3212 dixit,
379 3143 524 3200 etinctum
559 3143 608 3216 qui
621 3144 658 3200 dc
668 3145 740 3200 coelu
750 3143 898 3200 descendi:
909 3144 933 3199 si
945 3144 1007 3217 quis

73 3229 130 3274 est:
150 3217 210 3291 ipse
221 3215 381 3292 inaudivit,
399 3233 427 3276 et
441 3217 522 3280 crei—
558 3220 772 3278 manduciverit
791 3237 827 3278 ex
844 3223 899 3279 hoc
911 3241 1006 3297 pune,

73 3306 133 3350 tum
155 3307 205 3352 est.
558 3301 634 3355 vivet
649 3301 678 3356 in
693 3303 838 3356 aternum.

6 3395 97 3740 h
113 3367 143 3454 ι).
161 3373 279 3450 Accipit
292 3377 374 3434 iesus
389 3373 504 3434 cilicem
513 3417 522 3451 ,
598 3378 651 3436 Hic
668 3389 710 3435 est
725 3378 815 3454 panis.
