2184 3832
88 103 146 164 366
306 117 395 162 mni
415 117 505 162 ntro.
527 119 667 172 Qusvrsu
688 122 824 164 tuousrr.

85 197 292 274 confringetur.
321 199 409 254 Dives
433 196 538 271 iniviste
574 209 644 256 ton:
661 210 689 256 et
701 219 762 257 non
775 212 874 276 parcet
892 201 930 259 de
946 206 1033 260 mali-

87 280 165 353 egit‚
180 289 209 334 et
220 277 341 335 fremet:
356 295 467 354 pauper
486 297 536 334 eu·
574 279 612 334 tin
635 289 663 334 et
680 279 718 335 de
734 281 864 338 vineolis

86 373 144 415 tem
156 360 240 414 lesus
253 357 365 414 tacebit.
381 357 412 414 si
422 359 539 432 largitus
613 354 644 436 nl.
657 361 764 432 Magna
782 360 858 416 enim
871 367 939 416 sont
955 362 1034 433 judi·

86 435 189 506 fsieris,
202 435 325 493 assumet
339 448 385 492 te:
403 447 431 492 et
443 437 466 492 si
478 455 539 492 non
575 437 616 492 cin
627 449 694 508 tua,
711 437 854 510 Domine,
869 451 898 495 et
912 441 1035 497 irrennr-

87 515 233 586 lrnbsieris,
254 517 435 589 derelinquet
452 527 490 572 te.
509 516 538 572 Si
574 517 673 574 rabilis
685 517 774 573 verbe
786 529 854 574 tue:
868 518 1033 594 'Magnifi-

86 597 188 666 lrabes,
202 597 336 651 convivet
347 606 457 666 tecum,
470 613 539 650 eva·
574 593 643 651 cisti
661 593 803 672 populum
816 609 898 654 tnum
911 639 919 668 ,
934 609 964 654 et
979 602 1034 656 ho-

87 673 184 732 cuibit
197 686 240 745 te,
254 685 283 730 et
300 674 361 749 ipse
375 693 436 730 non
456 674 539 730 dole-
575 672 691 732 noristi.

86 753 130 810 bit
151 772 239 828 super
260 764 296 808 te.
614 755 648 821 γ.
675 755 855 812 'll-enstulisti
883 756 949 836 illps
976 777 1035 832 per

127 830 158 911 r).
173 831 311 903 Βόιιιίιιι,
322 834 405 888 Pater
419 844 448 889 et
459 834 539 889 Deus
574 851 653 890 mere
665 834 793 900 rubrum,
802 846 831 891 et
844 839 1032 893 transvexisti

87 913 151 969 vitae
177 931 268 982 mee,
296 929 333 967 ne
356 913 539 987 derelinques
575 931 625 969 eos
639 931 694 988 per
709 931 813 986 aquarn
833 915 960 970 ιιὶιιιίιιιι.

85 1009 133 1048 me
145 993 175 1047 in
188 989 316 1067 cogititu
330 993 456 1067 maligno
470 1013 477 1047 :
493 1011 539 1048 ex·
615 989 811 1066 Magnffietsti.

87 1072 245 1128 tollentium
280 1071 432 1128 oculorum
459 1071 540 1128 sneo-
710 1089 817 1128 nncrro
829 1091 876 1128 ιιι.

87 1171 151 1208 rum
165 1169 202 1208 ne
219 1151 334 1208 dederis
346 1151 431 1223 mihi,
446 1161 474 1207 et
486 1151 539 1206 de·
575 1121 666 1207 Cive
685 1150 752 1220 tihi,
776 1163 804 1207 et
825 1151 942 1208 attende
959 1153 1031 1210 diti-

88 1231 223 1289 siderium
256 1233 414 1306 malignum
444 1233 539 1288 everte
575 1233 677 1306 gtnter
688 1230 798 1286 auditui
809 1242 878 1300 tuo,
891 1231 1032 1306 qnoniam

87 1333 103 1368 ι
121 1331 185 1384 me,
202 1310 343 1368 Domine:
364 1311 445 1366 aufer
460 1330 477 1366 a
494 1329 540 1366 sne
576 1328 643 1366 eum
662 1309 850 1366 subversione
861 1322 910 1366 tur
924 1309 1032 1368 imbu-

88 1390 385 1468 conoupisoentiam‚*
396 1391 432 1445 Et
443 1387 540 1446 inuno
577 1391 625 1445 les.
645 1389 774 1446 Audiens
791 1407 862 1446 vero
884 1391 930 1446 ills
948 1393 1031 1466 qnasi

88 1470 258 1527 irreverenti
284 1479 312 1524 et
341 1469 480 1526 infrunito
502 1487 540 1524 ne
577 1469 607 1524 in
620 1469 727 1524 somnis
737 1468 817 1540 vide,
840 1480 868 1525 et
884 1467 1030 1544 vigittbis.

89 1549 184 1606 trades
199 1567 261 1615 me,
284 1546 416 1604 Domine.
576 1548 664 1605 Omni
674 1547 731 1604 vite
747 1559 797 1604 tua
815 1549 902 1622 dilige
917 1551 1029 1620 Deum,

128 1628 161 1694 r.
188 1629 232 1684 Ne
260 1626 444 1700 derelinques
474 1645 539 1697 me,
576 1639 604 1683 et
616 1629 719 1684 invoca
732 1627 960 1685 illuminsnlsite
971 1641 1028 1685 tua.

90 1705 541 1780 Domine,neecertscsntigno·
576 1709 670 1762 Omne
693 1704 796 1762 sinimnl
819 1705 912 1781 diligit
937 1710 1030 1764 simile

91 1782 189 1842 rintiae
199 1803 277 1858 mese,
289 1803 342 1842 nec
354 1785 542 1862 multiplicem
576 1785 689 1842 sibi:sic
700 1797 729 1842 et
735 1785 827 1842 omnis
835 1787 923 1843 homo
931 1787 1031 1862 proxi·

92 1877 138 1924 tur
150 1865 255 1924 delicte
265 1883 336 1922 meu.
576 1884 655 1922 mum
682 1864 745 1921 sibi.
770 1865 871 1922 Omnis
898 1883 970 1924 cero
993 1867 1031 1924 ed

129 1947 166 2004 Et
183 1941 288 2006 inimo.
577 1945 696 2001 similem
711 1943 765 2000 sibi
777 1945 985 2020 conjungitur,
1000 1959 1029 2003 et

235 2045 342 2086 utorio
362 2047 396 2083 ιι.
578 2025 671 2082 omnis
684 2027 772 2082 horno
784 2023 867 2081 simili
877 2025 922 2080 sui
934 2025 1031 2084 socii-

91 2077 275 2164 Humum
289 2109 366 2176 Deo,
383 2117 411 2163 et
422 2108 540 2181 expects
575 2104 661 2160 bitur.
671 2105 702 2162 Si
712 2101 933 2161 communice'bit
942 2105 974 2160 lu
997 2125 1031 2162 us

89 2205 189 2242 monus
207 2187 276 2260 ejus.
298 2185 425 2244 Attende
439 2203 476 2241 ne
492 2204 540 2241 se·
576 2203 651 2259 agno
661 2179 827 2260 uliquiudo,
841 2183 880 2238 sic
891 2125 1032 2257 peeciior

91 2265 234 2322 ductusin
250 2266 395 2322 stultitiam
410 2265 542 2322 humilie—
576 2263 662 2336 justo.
695 2267 767 2334 Qut
805 2262 1032 2320 eommunicitio

90 2347 137 2402 ris.
150 2345 218 2402 Noli
237 2364 299 2402 esse
315 2343 428 2401 hiimilis
445 2345 475 2398 in
492 2363 541 2400 sa-
577 2354 675 2398 snncto
704 2341 813 2398 homini
842 2341 879 2398 ed
906 2345 1033 2400 canem?

90 2425 197 2500 pientia
223 2435 288 2494 tun,
314 2442 351 2479 ne
379 2419 541 2479 humiliitus
577 2433 626 2478 sut
644 2441 707 2495 que
723 2439 790 2496 pore
805 2420 888 2476 diviti
907 2421 945 2478 nd
958 2421 1033 2498 piu-

90 2505 120 2560 in
142 2503 286 2560 stultitiam
306 2499 459 2558 seduciris.
476 2501 540 2558 Ad·
578 2503 696 2577 peremi

89 2579 402 2657 vocitusnpotentiore
411 2579 539 2636 discede:
617 2575 647 2658 ¹l·
663 2583 734 2651 Quae
748 2589 815 2635 sunt
829 2578 858 2634 in
876 2579 968 2636 corne
980 2581 1032 2638 1ιὰ

90 2681 126 2720 ex
143 2663 199 2719 hoc
214 2661 289 2717 enim
307 2659 396 2734 magis
410 2671 439 2715 te
451 2659 541 2716 ndvo-
577 2659 696 2730 minum,
709 2659 785 2716 oculi
796 2658 838 2715 tui
852 2657 962 2728 vident,
975 2661 1033 2718 Do

91 2739 175 2798 cibit.
199 2742 242 2796 Ne
264 2739 415 2816 improbus
433 2738 488 2810 sis,
504 2759 541 2796 ne
577 2739 672 2808 mine,
685 2749 713 2795 et
724 2739 754 2794 in
771 2739 847 2794 libro
866 2748 919 2792 tuo
934 2737 1032 2794 όιιιιιίι

90 2817 293 2895 impinguiris:
311 2829 339 2876 et
350 2836 387 2874 ne
402 2819 488 2892 longe
505 2819 541 2875 sis
578 2818 738 2874 scribentur
759 2837 767 2874 τ
788 2817 801 2844 *
827 2817 927 2874 llomo
950 2819 1033 2874 videt

91 2899 127 2954 ab
144 2916 189 2965 eo,
203 2917 241 2956 ne
254 2917 300 2955 ens
314 2897 344 2954 in
355 2897 539 2956 oblivionem.
577 2897 606 2952 in
634 2894 728 2969 sicit,
762 2897 841 2953 Deus
874 2907 973 2954 autem
1004 2899 1034 2954 in

4 3029 5 3037 ,
90 2979 134 3036 Ne
156 2979 278 3034 retineas
299 2997 334 3034 ex
361 2998 442 3054 equo
463 2979 541 3052 loqui
578 2977 676 3034 corde.

90 3075 155 3114 oum
171 3058 240 3114 illo:
257 3075 310 3114 nec
326 3059 427 3114 credas
445 3057 541 3114 multis
618 3055 759 3124 nomin
771 3055 845 3111 onim
855 3055 945 3112 corula
957 3075 1035 3114 sern-

5 3165 6 3170 1
91 3137 186 3195 verbis
203 3137 287 3194 illius.
306 3139 347 3192 Er
362 3139 451 3194 multe
466 3137 541 3193 enim
578 3131 667 3206 titur,
689 3146 717 3190 et
732 3135 878 3192 univirsss
889 3139 1034 3194 mtntium

93 3219 206 3291 loquela
223 3212 343 3272 sensitis
365 3227 407 3286 se,
427 3228 456 3272 et
470 3217 540 3271 sub-
578 3211 766 3288 commistum
788 3214 928 3290 intelligis.

89 3293 383 3368 ridensinterrogibit
395 3306 422 3349 te
433 3295 469 3350 de
479 3295 542 3350 nbs·
617 3295 712 3348 Homo
733 3291 819 3350 videt.

91 3372 213 3429 conditis
243 3376 308 3430 tuis.
335 3373 453 3427 Immitis
481 3369 542 3426 sini·
618 3371 716 3426 Gloria
730 3372 814 3428 Petri.

91 3467 155 3506 mus
169 3451 245 3506 illins
258 3448 441 3508 conservibit
454 3451 541 3506 verbe
618 3453 715 3506 llomo
732 3450 818 3506 videt.
