2204 3842
394 88 535 130 sonions
553 87 680 132 ennrsrt.
956 80 1014 142 213

140 189 168 228 m
187 191 292 229 rmro
313 192 477 234 roernnso.
545 179 724 250 'Quomodo
732 178 809 237 enim
818 179 951 241 etmdem
960 207 1015 261 po-

130 251 221 308 Le'otio
232 253 322 308 sancti
332 256 476 331 Evangelii
488 277 530 315 se-
565 261 649 315 tumi
667 259 823 332 Bihebnnt‚
844 263 956 336 inquit,
979 267 1015 322 de

99 325 369 390 tindmtoinnem.
564 335 845 415 spiritiii,sequente
856 353 955 416 petra:
969 363 1016 418 pe·

213 430 320 468 ιιοτιο
340 433 393 470 vn.
565 429 711 474 traautern
721 432 782 478 erat
793 421 931 478 Christus.
943 423 1016 479 Inde

238 487 300 537 1⁶³⁸*
318 489 363 538 ιι·]
563 497 664 570 panis,
698 499 767 554 inde
796 511 892 574 potus.
933 504 1014 558 Petra

98 543 129 626 is
138 572 180 628 itto
195 577 341 649 tempore,
354 579 434 636 Dixit
445 583 528 638 Jesus
564 575 692 633 christus
721 578 752 632 in
784 579 892 655 signo,
927 599 1014 638 verus

97 651 355 711 turbisindaeorum:
368 659 443 714 Caro
452 679 527 730 mea,
564 655 693 714 Christus
702 657 734 712 in
747 660 847 730 verbo,
864 670 892 714 et
906 659 937 714 in
951 679 1015 716 car-

96 747 150 786 tere
168 743 207 788 est
231 733 338 790 cibus:
364 747 392 790 et
415 740 528 814 sanguis
564 753 609 790 ne.
631 737 666 790 Et
686 736 834 810 quomodo
853 738 1015 795 biberunt?

95 827 171 878 mens,
186 831 252 868 vere
266 825 311 869 est
326 825 423 888 potus.
436 819 471 872 Et
484 822 527 874 rt.
564 813 698 870 Permissa
717 827 759 871 est
778 827 858 890 petra
879 817 917 874 de
933 819 1014 894 virga

96 887 165 962 tiqui.
563 891 614 946 bis.
636 893 755 950 Gemina
770 894 932 968 permissio,
951 898 1011 954 duo

124 969 162 1023 De
173 971 294 1028 Romilia
308 973 399 1028 sancti
412 976 528 1048 Augus-
563 971 637 1044 tigna
649 973 748 1027 Crucis
763 973 910 1047 significat.

95 1046 280 1124 tininiscopi
603 1045 633 1126 ἡ.
657 1051 716 1120 Qui
742 1052 894 1108 mendicat
920 1073 1013 1112 meam

185 1127 264 1176 ΠΜ·
272 1129 296 1165 1‘
306 1127 327 1164 1⁰
336 1127 416 1176 sm]
563 1146 693 1198 carnem,
708 1139 736 1184 et
749 1129 823 1184 bibit
839 1141 933 1188 rn'eum
944 1131 1014 1190 sin-

95 1175 150 1259 ihc
162 1217 199 1262 est
213 1207 315 1280 panis,
335 1206 386 1279 qui
400 1206 437 1262 de
454 1208 527 1264 coelo
563 1207 774 1280 guinem,*1n
792 1227 838 1263 me
854 1223 963 1282 mana,
983 1224 1013 1269 ot

99 1281 527 1360 dorindifflnnopnnemsigni·
564 1304 618 1360 ego
633 1287 663 1340 in
686 1305 731 1342 eo.

100 1359 173 1418 heirit
185 1384 287 1420 manna
299 1407 308 1434 ,
322 1367 408 1422 ,hunc
424 1384 527 1439 ponem
602 1366 634 1433 γ.
648 1367 715 1421 Non
734 1376 777 1422 est
791 1363 844 1422 ttia
863 1363 942 1423 nitio
955 1379 1013 1426 tam

98 1440 239 1514 s'gnifieivit
265 1441 359 1500 altine
385 1443 447 1500 Dei.
472 1447 527 1504 Sa·
563 1445 699 1518 grandis,
727 1465 791 1519 quse
816 1443 918 1503 hibent
940 1447 1011 1506 deos

97 1525 215 1578 mminta
227 1523 275 1580 itta
292 1522 429 1580 fue'runt:
444 1523 475 1580 in
488 1524 527 1580 si-
563 1521 826 1600 sppropinquintes
847 1525 919 1594 sibi,
941 1527 1013 1585 siout

94 1599 143 1670 gnis
153 1601 259 1658 diversa
274 1613 361 1674 sunt,
376 1603 428 1658 sed
441 1602 471 1658 in
485 1623 527 1674 re,
564 1605 642 1660 Deus
655 1617 752 1661 noster
763 1605 844 1662 adest
858 1605 951 1662 nohis.

95 1679 337 1754 pesgnifictrun
353 1678 433 1758 pa'ria
450 1695 525 1739 sunt.
601 1685 636 1739 In
651 1703 697 1742 me
714 1697 818 1742 manet.

93 1757 240 1832 Apostolum
254 1761 437 1820 enchelide
452 1762 528 1818 enim
679 1783 786 1820 nncrro
807 1783 875 1820 vm.

93 1855 146 1908 ros,
169 1841 277 1914 inquit,
305 1837 440 1916 ignorire
465 1841 527 1898 ira·
562 1813 733 1900 Nonum
775 1843 873 1900 fideles
904 1861 1012 1918 corpus

94 1927 150 1987 tres,
164 1921 227 1992 quia
244 1931 343 1996 pstres
362 1920 454 1976 nostri
468 1939 528 1976 om·
562 1921 676 1992 Christi,
688 1921 712 1978 si
723 1941 830 1996 corpus
838 1922 943 1979 Christi
951 1941 1011 1978 non

93 1999 452 2069 nessuhnuhefnirunt,et
461 2019 526 2056 om·
562 2001 707 2074 negligant
724 2019 792 2058 esse.
807 2001 890 2058 Fiant
908 2019 1014 2074 corpus

94 2093 133 2130 nes
164 2097 239 2136 mare
269 2078 471 2148 transiisunt,
499 2090 527 2136 et
562 2080 680 2150 Christi,
701 2079 724 2134 si
742 2080 843 2136 volunt
863 2079 962 2134 virere
976 2079 1014 2134 de

93 2171 178 2212 omnes
191 2177 244 2232 per
257 2157 382 2232 Moysen
393 2155 526 2232 bsptiziti
562 2158 670 2232 Spiritu
697 2158 809 2214 Christi.
834 2159 878 2212 De
905 2156 1013 2231 Spiritu

94 2245 148 2289 sont
160 2235 189 2292 in
203 2237 298 2306 nube,
313 2249 341 2294 et
354 2237 385 2291 in
400 2235 486 2294 mari:
499 2249 528 2294 et
563 2236 668 2293 Christi
679 2255 739 2292 non
750 2235 830 2305 vivit,
842 2235 897 2292 nisi
908 2254 1013 2310 eorpus

94 2329 177 2370 onnes
187 2311 318 2376 eimdem
334 2334 426 2374 escam
443 2316 527 2391 spiri-
563 2315 675 2372 Christi.
684 2315 1014 2388 Intelligitefratresmei,

93 2387 163 2449 tiiem
172 2397 428 2452 manducaverunt.
440 2395 528 2470 spiri-
562 2395 633 2470 quid
655 2395 784 2452 dixerim.
799 2395 896 2450 Homo
914 2411 962 2463 es,
988 2405 1016 2450 et

94 2466 165 2528 tttem
181 2473 279 2550 sitique
295 2472 444 2532 eimdem:
461 2494 527 2530 nam
563 2476 693 2550 spiritum
704 2473 800 2543 habes,
811 2484 840 2528 et
851 2473 1016 2548 corpusin-

92 2551 258 2626 torponilem
283 2551 401 2612 itteram
426 2575 433 2610 :
462 2555 528 2628 quis
563 2556 622 2610 hes.
639 2554 778 2629 Spiritum
788 2553 864 2623 dieo,
877 2572 941 2627 quse
952 2547 1017 2608 tnt-

94 2627 127 2684 itti
137 2651 253 2706 manna,
264 2653 320 2690 nos
336 2631 430 2690 ttiud:
445 2629 528 2709 spiri·
563 2631 742 2702 msvocitur,
753 2630 1016 2706 quoconstnsquod

94 2703 165 2766 {ilem
179 2733 261 2780 vero,
283 2733 369 2788 quam
385 2732 459 2782 nos;
477 2712 527 2769 sed
563 2713 651 2770 homo
672 2731 728 2768 es:
755 2725 867 2770 constas
887 2711 963 2774 enim
980 2730 1015 2768 ex

93 2799 175 2858 patres
187 2794 292 2864 nostri,
306 2813 367 2852 non
382 2803 478 2868 patres
492 2791 528 2848 il-
562 2787 690 2848 inimaet
700 2791 1016 2866 corporeiinbesenim

94 2864 191 2943 lirum,
215 2873 320 2948 quibus
348 2891 402 2929 nos
424 2873 529 2931 similes
563 2871 694 2946 spiritum
709 2871 894 2942 invisibilem,
909 2889 1015 2946 corpus

94 2961 192 3020 summ,
204 2971 263 3008 non
277 2951 435 3026 quihusiiti
447 2952 528 3008 sirni-
563 2951 683 3006 visibile.
705 2951 758 3007 Dic
778 2949 869 3016 mihi,
890 2949 963 3024 qnid
979 2967 1015 3006 ex

95 3023 129 3082 les
140 3028 256 3090 tuhust.
272 3035 309 3090 Et
323 3028 475 3106 adjtingit:
493 3033 529 3088 Et
564 3051 623 3105 quo
639 3030 735 3086 vivat?
753 3031 876 3108 Spiritus
890 3041 955 3086 tuus
972 3028 1016 3084 vi-

97 3121 181 3166 omnes
194 3110 324 3170 edmdem
335 3121 439 3187 potum
448 3111 529 3186 spiri·
544 3103 549 3166 i
563 3110 605 3165 vit
619 3128 653 3166 ex
670 3108 792 3185 ctirpore
810 3121 880 3178 tuo,
899 3128 936 3164 sn
951 3126 1017 3164 cor-

96 3180 167 3244 it'lem
190 3191 331 3250 hibinsnt.
357 3189 447 3248 Aliud
470 3191 529 3260 illi,
544 3173 550 3262 Ι
563 3205 619 3266 pus
642 3201 724 3246 tuum
753 3208 789 3246 ex
813 3189 915 3264 spiritu
944 3186 1017 3242 tuo?

97 3257 161 3322 iliud
175 3289 241 3342 nos,
254 3272 306 3328 sod
319 3271 414 3348 spicio
426 3270 530 3328 visibili
544 3273 548 3290 ‘
564 3267 733 3344 Respondet
747 3267 840 3326 omnis
857 3266 905 3339 qui
926 3264 995 3320 vivit
1009 3283 1016 3319 ε

99 3343 324 3420 nidernhaim
335 3351 393 3408 hoo
407 3349 530 3408 idemsi-
565 3348 617 3423 qui
639 3359 734 3404 autem
755 3349 811 3404 hoc
841 3363 903 3398 non
923 3353 1018 3417 potest

1076 3307 1081 3410 i

101 3423 236 3494 tn'hcinre
267 3429 375 3490 rirtite
403 3425 529 3507 sphitttt.
565 3427 762 3504 respondere,
778 3421 875 3483 nescio
893 3417 917 3473 si
938 3419 1016 3473 vivit.
1076 3427 1081 3490 t
