<?xml version="1.0" encoding="UTF-8"?>
<!DOCTYPE html PUBLIC "-//W3C//DTD XHTML 1.0 Transitional//EN"
    "http://www.w3.org/TR/xhtml1/DTD/xhtml1-transitional.dtd">
<html xmlns="http://www.w3.org/1999/xhtml" xml:lang="en" lang="en">
 <head>
  <title>
</title>
<meta http-equiv="Content-Type" content="text/html;charset=utf-8" />
  <meta name='ocr-system' content='tesseract 3.04.00' />
  <meta name='ocr-capabilities' content='ocr_page ocr_carea ocr_par ocr_line ocrx_word'/>
</head>
<body>
  <div class='ocr_page' id='page_1' title='image "./breviariumroman06brevgoog_0245.png"; bbox 0 0 2204 3842; ppageno 0'>
   <div class='ocr_carea' id='block_1_1' title="bbox 83 142 1031 390">
    <p class='ocr_par' dir='ltr' id='par_1_1' title="bbox 83 142 1031 390">
     <span class='ocr_line' id='line_1_1' title="bbox 453 142 1028 208; baseline 0.024 -29"><span class='ocrx_word' id='word_1_1' title='bbox 453 142 593 180; x_wconf 75' lang='lat' dir='ltr'>cosaoms</span> <span class='ocrx_word' id='word_1_2' title='bbox 614 145 741 182; x_wconf 83' lang='lat' dir='ltr'>cumsrr.</span> <span class='ocrx_word' id='word_1_3' title='bbox 974 153 1028 208; x_wconf 79' lang='lat'>²⁰7</span> 
     </span>
     <span class='ocr_line' id='line_1_2' title="bbox 88 221 1030 301; baseline 0.012 -18"><span class='ocrx_word' id='word_1_4' title='bbox 88 223 227 284; x_wconf 67' lang='lat' dir='ltr'>dadin</span> <span class='ocrx_word' id='word_1_5' title='bbox 235 221 545 301; x_wconf 65' lang='lat' dir='ltr'>bepstsmatezpessem</span> <span class='ocrx_word' id='word_1_6' title='bbox 580 225 621 280; x_wconf 88' lang='lat' dir='ltr'>illi</span> <span class='ocrx_word' id='word_1_7' title='bbox 642 228 759 300; x_wconf 86' lang='lat' dir='ltr'>quidem</span> <span class='ocrx_word' id='word_1_8' title='bbox 790 229 819 286; x_wconf 88' lang='lat' dir='ltr'>in</span> <span class='ocrx_word' id='word_1_9' title='bbox 856 234 1030 296; x_wconf 76' lang='lat' dir='ltr'>Palaestinam</span> 
     </span>
     <span class='ocr_line' id='line_1_3' title="bbox 83 304 1031 390; baseline 0.016 -29"><span class='ocrx_word' id='word_1_10' title='bbox 83 324 193 381; x_wconf 81' lang='lat' dir='ltr'>nempe</span> <span class='ocrx_word' id='word_1_11' title='bbox 213 304 393 374; x_wconf 81' lang='lat' dir='ltr'>sensibilem,</span> <span class='ocrx_word' id='word_1_12' title='bbox 419 321 544 377; x_wconf 80' lang='lat' dir='ltr'>aquam,</span> <span class='ocrx_word' id='word_1_13' title='bbox 581 317 662 362; x_wconf 89' lang='lat' dir='ltr'>erant</span> <span class='ocrx_word' id='word_1_14' title='bbox 672 307 847 381; x_wconf 76' lang='lat' dir='ltr'>profecturi,</span> <span class='ocrx_word' id='word_1_15' title='bbox 862 324 891 368; x_wconf 90' lang='lat' dir='ltr'>et</span> <span class='ocrx_word' id='word_1_16' title='bbox 912 323 1031 390; x_wconf 86' lang='lat' dir='ltr'>propte-</span> 
     </span>
    </p>
   </div>
   <div class='ocr_carea' id='block_1_2' title="bbox 1 382 1046 3486">
    <p class='ocr_par' dir='ltr' id='par_1_2' title="bbox 1 382 1046 1893">
     <span class='ocr_line' id='line_1_4' title="bbox 83 382 1029 463; baseline 0.012 -21"><span class='ocrx_word' id='word_1_17' title='bbox 83 385 199 442; x_wconf 88' lang='lat' dir='ltr'>donum</span> <span class='ocrx_word' id='word_1_18' title='bbox 235 384 384 439; x_wconf 70' lang='lat' dir='ltr'>confertur</span> <span class='ocrx_word' id='word_1_19' title='bbox 407 401 415 436; x_wconf 78' lang='grc' dir='ltr'><em>τ</em></span> <span class='ocrx_word' id='word_1_20' title='bbox 437 382 545 439; x_wconf 86' lang='lat' dir='ltr'>intelli·</span> <span class='ocrx_word' id='word_1_21' title='bbox 581 403 629 440; x_wconf 85' lang='lat' dir='ltr'>rea</span> <span class='ocrx_word' id='word_1_22' title='bbox 640 385 783 444; x_wconf 71' lang='lat' dir='ltr'>tieletum</span> <span class='ocrx_word' id='word_1_23' title='bbox 799 389 920 463; x_wconf 69' lang='lat' dir='ltr'>figuram</span> <span class='ocrx_word' id='word_1_24' title='bbox 938 395 1029 454; x_wconf 88' lang='lat' dir='ltr'>habe-</span> 
     </span>
     <span class='ocr_line' id='line_1_5' title="bbox 81 462 1028 540; baseline 0.015 -22"><span class='ocrx_word' id='word_1_25' title='bbox 81 463 173 540; x_wconf 72' lang='lat' dir='ltr'>gsstile</span> <span class='ocrx_word' id='word_1_26' title='bbox 191 481 265 520; x_wconf 74' lang='lat' dir='ltr'>vero</span> <span class='ocrx_word' id='word_1_27' title='bbox 277 462 358 536; x_wconf 89' lang='lat' dir='ltr'>quod</span> <span class='ocrx_word' id='word_1_28' title='bbox 375 462 543 536; x_wconf 82' lang='lat' dir='ltr'>perficitur,</span> <span class='ocrx_word' id='word_1_29' title='bbox 580 464 779 524; x_wconf 77' lang='lat' dir='ltr'>bont2tuvero</span> <span class='ocrx_word' id='word_1_30' title='bbox 788 469 876 527; x_wconf 86' lang='lat' dir='ltr'>debes</span> <span class='ocrx_word' id='word_1_31' title='bbox 884 472 913 528; x_wconf 90' lang='lat' dir='ltr'>in</span> <span class='ocrx_word' id='word_1_32' title='bbox 926 477 1028 532; x_wconf 77' lang='lat' dir='ltr'>coelum</span> 
     </span>
     <span class='ocr_line' id='line_1_6' title="bbox 1 537 1029 625; baseline 0.014 -27"><span class='ocrx_word' id='word_1_33' title='bbox 1 585 2 598; x_wconf 64' lang='grc'>,</span> <span class='ocrx_word' id='word_1_34' title='bbox 82 541 235 620; x_wconf 84' lang='lat' dir='ltr'>genera&#39;tio</span> <span class='ocrx_word' id='word_1_35' title='bbox 262 551 290 597; x_wconf 86' lang='lat' dir='ltr'>et</span> <span class='ocrx_word' id='word_1_36' title='bbox 318 537 478 596; x_wconf 80' lang='lat' dir='ltr'>renovitio.</span> <span class='ocrx_word' id='word_1_37' title='bbox 512 543 541 598; x_wconf 93' lang='lat' dir='ltr'>Si</span> <span class='ocrx_word' id='word_1_38' title='bbox 580 541 711 618; x_wconf 62' lang='lat' dir='ltr'>mimine.</span> <span class='ocrx_word' id='word_1_39' title='bbox 724 549 909 625; x_wconf 84' lang='lat' dir='ltr'>Quaprdpter</span> <span class='ocrx_word' id='word_1_40' title='bbox 923 553 1029 612; x_wconf 84' lang='lat' dir='ltr'>indm-</span> 
     </span>
     <span class='ocr_line' id='line_1_7' title="bbox 82 620 1028 708; baseline 0.015 -31"><span class='ocrx_word' id='word_1_41' title='bbox 82 620 367 696; x_wconf 76' lang='lat' dir='ltr'>enimincotpereus</span> <span class='ocrx_word' id='word_1_42' title='bbox 383 637 475 690; x_wconf 82' lang='lat' dir='ltr'>esses,</span> <span class='ocrx_word' id='word_1_43' title='bbox 490 639 543 676; x_wconf 89' lang='lat' dir='ltr'>nu·</span> <span class='ocrx_word' id='word_1_44' title='bbox 580 623 664 680; x_wconf 84' lang='lat' dir='ltr'>nibus</span> <span class='ocrx_word' id='word_1_45' title='bbox 690 625 805 700; x_wconf 78' lang='lat' dir='ltr'>opertet</span> <span class='ocrx_word' id='word_1_46' title='bbox 833 641 861 686; x_wconf 89' lang='lat' dir='ltr'>te</span> <span class='ocrx_word' id='word_1_47' title='bbox 882 631 1028 708; x_wconf 78' lang='lat' dir='ltr'>vigiltice,</span> 
     </span>
     <span class='ocr_line' id='line_1_8' title="bbox 83 699 1028 789; baseline 0.013 -30"><span class='ocrx_word' id='word_1_48' title='bbox 83 703 120 759; x_wconf 87' lang='lat' dir='ltr'>da</span> <span class='ocrx_word' id='word_1_49' title='bbox 136 713 166 758; x_wconf 90' lang='lat' dir='ltr'>et</span> <span class='ocrx_word' id='word_1_50' title='bbox 181 699 357 775; x_wconf 89' lang='lat' dir='ltr'>incorpo&#39;rea</span> <span class='ocrx_word' id='word_1_51' title='bbox 376 700 429 755; x_wconf 91' lang='lat' dir='ltr'>tibi</span> <span class='ocrx_word' id='word_1_52' title='bbox 446 699 545 756; x_wconf 84' lang='lat' dir='ltr'>dedis·</span> <span class='ocrx_word' id='word_1_53' title='bbox 580 703 812 780; x_wconf 81' lang='lat' dir='ltr'>uecenimparva</span> <span class='ocrx_word' id='word_1_54' title='bbox 823 729 909 783; x_wconf 85' lang='lat' dir='ltr'>poena</span> <span class='ocrx_word' id='word_1_55' title='bbox 919 711 1028 789; x_wconf 80' lang='lat' dir='ltr'>prope-</span> 
     </span>
     <span class='ocr_line' id='line_1_9' title="bbox 84 778 1046 860; baseline 0.014 -22"><span class='ocrx_word' id='word_1_56' title='bbox 84 794 126 839; x_wconf 88' lang='lat' dir='ltr'>set</span> <span class='ocrx_word' id='word_1_57' title='bbox 140 782 204 856; x_wconf 87' lang='lat' dir='ltr'>ipse</span> <span class='ocrx_word' id='word_1_58' title='bbox 222 781 321 836; x_wconf 83' lang='lat' dir='ltr'>dona:</span> <span class='ocrx_word' id='word_1_59' title='bbox 338 778 543 854; x_wconf 81' lang='lat' dir='ltr'>sedqutiuiam</span> <span class='ocrx_word' id='word_1_60' title='bbox 579 781 658 838; x_wconf 87' lang='lat' dir='ltr'>nitur</span> <span class='ocrx_word' id='word_1_61' title='bbox 694 784 813 860; x_wconf 83' lang='lat' dir='ltr'>indigno</span> <span class='ocrx_word' id='word_1_62' title='bbox 839 793 1046 850; x_wconf 61' lang='lat' dir='ltr'>sumentibus.v</span> 
     </span>
     <span class='ocr_line' id='line_1_10' title="bbox 84 859 1027 938; baseline 0.014 -21"><span class='ocrx_word' id='word_1_63' title='bbox 84 859 177 918; x_wconf 75' lang='lat' dir='ltr'>inim</span> <span class='ocrx_word' id='word_1_64' title='bbox 193 859 314 934; x_wconf 79' lang='lat' dir='ltr'>cdrpori</span> <span class='ocrx_word' id='word_1_65' title='bbox 329 861 461 916; x_wconf 85' lang='lat' dir='ltr'>conserta</span> <span class='ocrx_word' id='word_1_66' title='bbox 481 870 543 930; x_wconf 88' lang='lat' dir='ltr'>est,</span> <span class='ocrx_word' id='word_1_67' title='bbox 580 861 682 936; x_wconf 76' lang='lat' dir='ltr'>Cegita</span> <span class='ocrx_word' id='word_1_68' title='bbox 713 878 852 938; x_wconf 85' lang='lat' dir='ltr'>quantum</span> <span class='ocrx_word' id='word_1_69' title='bbox 889 871 1027 930; x_wconf 85' lang='lat' dir='ltr'>adversus</span> 
     </span>
     <span class='ocr_line' id='line_1_11' title="bbox 84 939 1027 1020; baseline 0.011 -22"><span class='ocrx_word' id='word_1_70' title='bbox 84 941 113 998; x_wconf 86' lang='lat' dir='ltr'>in</span> <span class='ocrx_word' id='word_1_71' title='bbox 137 940 327 998; x_wconf 71' lang='lat' dir='ltr'>sensibilibus</span> <span class='ocrx_word' id='word_1_72' title='bbox 351 939 540 1012; x_wconf 79' lang='lat' dir='ltr'>intelligibilia</span> <span class='ocrx_word' id='word_1_73' title='bbox 579 941 759 1016; x_wconf 78' lang='lat' dir='ltr'>proditer-em</span> <span class='ocrx_word' id='word_1_74' title='bbox 790 945 972 1020; x_wconf 74' lang='lat' dir='ltr'>indigneris,</span> <span class='ocrx_word' id='word_1_75' title='bbox 1000 965 1027 1008; x_wconf 87' lang='lat' dir='ltr'>et</span> 
     </span>
     <span class='ocr_line' id='line_1_12' title="bbox 86 1019 1027 1098; baseline 0.012 -22"><span class='ocrx_word' id='word_1_76' title='bbox 86 1021 133 1076; x_wconf 87' lang='lat' dir='ltr'>tibi</span> <span class='ocrx_word' id='word_1_77' title='bbox 155 1021 279 1096; x_wconf 71' lang='lat' dir='ltr'>prabet.</span> <span class='ocrx_word' id='word_1_78' title='bbox 298 1022 378 1090; x_wconf 91' lang='lat' dir='ltr'>Quot</span> <span class='ocrx_word' id='word_1_79' title='bbox 399 1037 478 1074; x_wconf 88' lang='lat' dir='ltr'>nunc</span> <span class='ocrx_word' id='word_1_80' title='bbox 499 1019 544 1074; x_wconf 89' lang='lat' dir='ltr'>di·</span> <span class='ocrx_word' id='word_1_81' title='bbox 579 1031 679 1078; x_wconf 83' lang='lat' dir='ltr'>contra</span> <span class='ocrx_word' id='word_1_82' title='bbox 700 1042 750 1080; x_wconf 89' lang='lat' dir='ltr'>eos</span> <span class='ocrx_word' id='word_1_83' title='bbox 766 1025 816 1098; x_wconf 90' lang='lat' dir='ltr'>qui</span> <span class='ocrx_word' id='word_1_84' title='bbox 830 1027 910 1083; x_wconf 88' lang='lat' dir='ltr'>illum</span> <span class='ocrx_word' id='word_1_85' title='bbox 931 1033 1027 1087; x_wconf 89' lang='lat' dir='ltr'>cruci-</span> 
     </span>
     <span class='ocr_line' id='line_1_13' title="bbox 86 1098 1024 1178; baseline 0.011 -21"><span class='ocrx_word' id='word_1_86' title='bbox 86 1113 170 1158; x_wconf 87' lang='lat' dir='ltr'>cunt:</span> <span class='ocrx_word' id='word_1_87' title='bbox 184 1101 298 1156; x_wconf 88' lang='lat' dir='ltr'>Vellem</span> <span class='ocrx_word' id='word_1_88' title='bbox 317 1099 406 1173; x_wconf 88' lang='lat' dir='ltr'>ipsius</span> <span class='ocrx_word' id='word_1_89' title='bbox 422 1098 542 1154; x_wconf 80' lang='lat' dir='ltr'>sormam</span> <span class='ocrx_word' id='word_1_90' title='bbox 578 1098 721 1158; x_wconf 83' lang='lat' dir='ltr'>fixerunt:</span> <span class='ocrx_word' id='word_1_91' title='bbox 736 1105 832 1178; x_wconf 84' lang='lat' dir='ltr'>itaque</span> <span class='ocrx_word' id='word_1_92' title='bbox 852 1110 1024 1166; x_wconf 87' lang='lat' dir='ltr'>considera:</span> 
     </span>
     <span class='ocr_line' id='line_1_14' title="bbox 87 1177 1027 1266; baseline 0.012 -32"><span class='ocrx_word' id='word_1_93' title='bbox 87 1183 228 1256; x_wconf 79' lang='lat' dir='ltr'>aspicere,</span> <span class='ocrx_word' id='word_1_94' title='bbox 238 1177 376 1254; x_wconf 80' lang='lat' dir='ltr'>figuram,</span> <span class='ocrx_word' id='word_1_95' title='bbox 387 1179 543 1234; x_wconf 80' lang='lat' dir='ltr'>vestimen-</span> <span class='ocrx_word' id='word_1_96' title='bbox 579 1197 617 1235; x_wconf 90' lang='lat' dir='ltr'>ue</span> <span class='ocrx_word' id='word_1_97' title='bbox 629 1191 659 1238; x_wconf 87' lang='lat' dir='ltr'>tu</span> <span class='ocrx_word' id='word_1_98' title='bbox 670 1199 787 1256; x_wconf 90' lang='lat' dir='ltr'>quoque</span> <span class='ocrx_word' id='word_1_99' title='bbox 797 1183 835 1238; x_wconf 87' lang='lat' dir='ltr'>sis</span> <span class='ocrx_word' id='word_1_100' title='bbox 846 1203 912 1241; x_wconf 88' lang='lat' dir='ltr'>reus</span> <span class='ocrx_word' id='word_1_101' title='bbox 921 1188 1027 1266; x_wconf 81' lang='lat' dir='ltr'>cerpo-</span> 
     </span>
     <span class='ocr_line' id='line_1_15' title="bbox 87 1258 1027 1336; baseline 0.009 -20"><span class='ocrx_word' id='word_1_102' title='bbox 87 1272 132 1330; x_wconf 85' lang='lat' dir='ltr'>ta‚</span> <span class='ocrx_word' id='word_1_103' title='bbox 152 1261 352 1316; x_wconf 75' lang='lat' dir='ltr'>calceamenta.</span> <span class='ocrx_word' id='word_1_104' title='bbox 376 1259 452 1314; x_wconf 85' lang='lat' dir='ltr'>Ecce</span> <span class='ocrx_word' id='word_1_105' title='bbox 476 1276 542 1314; x_wconf 87' lang='lat' dir='ltr'>eum</span> <span class='ocrx_word' id='word_1_106' title='bbox 578 1260 617 1316; x_wconf 88' lang='lat' dir='ltr'>ris</span> <span class='ocrx_word' id='word_1_107' title='bbox 634 1271 662 1316; x_wconf 88' lang='lat' dir='ltr'>et</span> <span class='ocrx_word' id='word_1_108' title='bbox 684 1258 830 1336; x_wconf 74' lang='lat' dir='ltr'>singuinis</span> <span class='ocrx_word' id='word_1_109' title='bbox 848 1265 961 1322; x_wconf 81' lang='lat' dir='ltr'>Cluisti.</span> <span class='ocrx_word' id='word_1_110' title='bbox 982 1271 1027 1324; x_wconf 89' lang='lat' dir='ltr'>Illi</span> 
     </span>
     <span class='ocr_line' id='line_1_16' title="bbox 90 1337 1024 1418; baseline 0.01 -24"><span class='ocrx_word' id='word_1_111' title='bbox 90 1339 189 1408; x_wconf 78' lang='lat' dir='ltr'>rides,</span> <span class='ocrx_word' id='word_1_112' title='bbox 202 1340 298 1414; x_wconf 71' lang='grc' dir='ltr'><strong>ἱρεωιι</strong></span> <span class='ocrx_word' id='word_1_113' title='bbox 318 1337 426 1412; x_wconf 80' lang='lat' dir='ltr'>tangis,</span> <span class='ocrx_word' id='word_1_114' title='bbox 448 1338 542 1412; x_wconf 87' lang='lat' dir='ltr'>ipsum</span> <span class='ocrx_word' id='word_1_115' title='bbox 579 1341 788 1396; x_wconf 84' lang='lat' dir='ltr'>sanctissimum</span> <span class='ocrx_word' id='word_1_116' title='bbox 811 1361 919 1418; x_wconf 90' lang='lat' dir='ltr'>corpus</span> <span class='ocrx_word' id='word_1_117' title='bbox 946 1348 1024 1404; x_wconf 92' lang='lat' dir='ltr'>occi-</span> 
     </span>
     <span class='ocr_line' id='line_1_17' title="bbox 93 1416 1026 1498; baseline 0.01 -24"><span class='ocrx_word' id='word_1_118' title='bbox 93 1416 542 1491; x_wconf 80' lang='lat' dir='ltr'>mandticas.Ettuquidemvesti·</span> <span class='ocrx_word' id='word_1_119' title='bbox 578 1417 699 1490; x_wconf 85' lang='lat' dir='ltr'>derunt,</span> <span class='ocrx_word' id='word_1_120' title='bbox 713 1432 746 1476; x_wconf 91' lang='lat' dir='ltr'>tu</span> <span class='ocrx_word' id='word_1_121' title='bbox 757 1440 827 1478; x_wconf 83' lang='lat' dir='ltr'>vero</span> <span class='ocrx_word' id='word_1_122' title='bbox 838 1422 947 1498; x_wconf 83' lang='lat' dir='ltr'>politita</span> <span class='ocrx_word' id='word_1_123' title='bbox 961 1425 1026 1482; x_wconf 78' lang='lat' dir='ltr'>stis-</span> 
     </span>
     <span class='ocr_line' id='line_1_18' title="bbox 92 1495 1026 1576; baseline 0.006 -22"><span class='ocrx_word' id='word_1_124' title='bbox 92 1497 541 1573; x_wconf 77' lang='lat' dir='ltr'>me&#39;ntacupisvidere2ipserero</span> <span class='ocrx_word' id='word_1_125' title='bbox 578 1499 648 1573; x_wconf 84' lang='lat' dir='ltr'>cipis</span> <span class='ocrx_word' id='word_1_126' title='bbox 665 1495 760 1558; x_wconf 74' lang='lat' dir='ltr'>inima</span> <span class='ocrx_word' id='word_1_127' title='bbox 770 1513 838 1576; x_wconf 88' lang='lat' dir='ltr'>post</span> <span class='ocrx_word' id='word_1_128' title='bbox 860 1513 904 1558; x_wconf 93' lang='lat' dir='ltr'>tot</span> <span class='ocrx_word' id='word_1_129' title='bbox 915 1505 1026 1561; x_wconf 88' lang='lat' dir='ltr'>benefi-</span> 
     </span>
     <span class='ocr_line' id='line_1_19' title="bbox 89 1576 1026 1656; baseline 0.01 -24"><span class='ocrx_word' id='word_1_130' title='bbox 89 1577 137 1632; x_wconf 81' lang='lat' dir='ltr'>tabi</span> <span class='ocrx_word' id='word_1_131' title='bbox 147 1577 283 1634; x_wconf 88' lang='lat' dir='ltr'>concedit</span> <span class='ocrx_word' id='word_1_132' title='bbox 296 1595 357 1632; x_wconf 90' lang='lat' dir='ltr'>nou</span> <span class='ocrx_word' id='word_1_133' title='bbox 369 1587 479 1632; x_wconf 87' lang='lat' dir='ltr'>tantum</span> <span class='ocrx_word' id='word_1_134' title='bbox 493 1576 540 1630; x_wconf 82' lang='lat' dir='ltr'>vi·</span> <span class='ocrx_word' id='word_1_135' title='bbox 578 1579 628 1634; x_wconf 85' lang='lat' dir='ltr'>cia.</span> <span class='ocrx_word' id='word_1_136' title='bbox 639 1581 741 1653; x_wconf 88' lang='lat' dir='ltr'>Neque</span> <span class='ocrx_word' id='word_1_137' title='bbox 749 1582 825 1636; x_wconf 87' lang='lat' dir='ltr'>cuim</span> <span class='ocrx_word' id='word_1_138' title='bbox 837 1581 877 1636; x_wconf 93' lang='lat' dir='ltr'>illi</span> <span class='ocrx_word' id='word_1_139' title='bbox 889 1584 1026 1656; x_wconf 85' lang='lat' dir='ltr'>satisfuit,</span> 
     </span>
     <span class='ocr_line' id='line_1_20' title="bbox 88 1652 1026 1737; baseline 0.01 -25"><span class='ocrx_word' id='word_1_140' title='bbox 88 1655 173 1727; x_wconf 80' lang='lat' dir='ltr'>dere,</span> <span class='ocrx_word' id='word_1_141' title='bbox 189 1676 292 1714; x_wconf 80' lang='lat' dir='ltr'>vetum</span> <span class='ocrx_word' id='word_1_142' title='bbox 304 1667 332 1712; x_wconf 86' lang='lat' dir='ltr'>et</span> <span class='ocrx_word' id='word_1_143' title='bbox 348 1652 539 1726; x_wconf 71' lang='lat' dir='ltr'>mauducire,</span> <span class='ocrx_word' id='word_1_144' title='bbox 577 1657 721 1720; x_wconf 82' lang='lat' dir='ltr'>bo&#39;minetu</span> <span class='ocrx_word' id='word_1_145' title='bbox 733 1661 813 1731; x_wconf 84' lang='lat' dir='ltr'>fieri,</span> <span class='ocrx_word' id='word_1_146' title='bbox 828 1661 955 1737; x_wconf 83' lang='lat' dir='ltr'>cdlaphis</span> <span class='ocrx_word' id='word_1_147' title='bbox 972 1684 1026 1720; x_wconf 87' lang='lat' dir='ltr'>cae-</span> 
     </span>
     <span class='ocr_line' id='line_1_21' title="bbox 88 1733 1026 1814; baseline 0.009 -22"><span class='ocrx_word' id='word_1_148' title='bbox 88 1747 115 1792; x_wconf 92' lang='lat' dir='ltr'>et</span> <span class='ocrx_word' id='word_1_149' title='bbox 135 1733 258 1811; x_wconf 62' lang='lat' dir='ltr'>tingere</span> <span class='ocrx_word' id='word_1_150' title='bbox 269 1777 278 1806; x_wconf 90' lang='lat'>‚</span> <span class='ocrx_word' id='word_1_151' title='bbox 304 1747 331 1792; x_wconf 89' lang='lat' dir='ltr'>et</span> <span class='ocrx_word' id='word_1_152' title='bbox 351 1736 424 1792; x_wconf 87' lang='lat' dir='ltr'>intra</span> <span class='ocrx_word' id='word_1_153' title='bbox 448 1745 477 1791; x_wconf 88' lang='lat' dir='ltr'>te</span> <span class='ocrx_word' id='word_1_154' title='bbox 492 1735 540 1792; x_wconf 82' lang='lat' dir='ltr'>sti·</span> <span class='ocrx_word' id='word_1_155' title='bbox 576 1737 619 1806; x_wconf 82' lang='lat' dir='ltr'>di,</span> <span class='ocrx_word' id='word_1_156' title='bbox 632 1749 661 1794; x_wconf 88' lang='lat' dir='ltr'>et</span> <span class='ocrx_word' id='word_1_157' title='bbox 671 1740 814 1814; x_wconf 78' lang='lat' dir='ltr'>crucifigi:</span> <span class='ocrx_word' id='word_1_158' title='bbox 830 1760 932 1798; x_wconf 85' lang='lat' dir='ltr'>verum</span> <span class='ocrx_word' id='word_1_159' title='bbox 941 1755 970 1799; x_wconf 89' lang='lat' dir='ltr'>et</span> <span class='ocrx_word' id='word_1_160' title='bbox 979 1763 1026 1800; x_wconf 86' lang='lat' dir='ltr'>se·-</span> 
     </span>
     <span class='ocr_line' id='line_1_22' title="bbox 90 1819 1024 1893; baseline 0.006 -21"><span class='ocrx_word' id='word_1_161' title='bbox 90 1835 178 1872; x_wconf 75' lang='lat' dir='ltr'>nere.</span> <span class='ocrx_word' id='word_1_162' title='bbox 575 1819 728 1893; x_wconf 79' lang='lat' dir='ltr'>metipsum</span> <span class='ocrx_word' id='word_1_163' title='bbox 743 1820 827 1876; x_wconf 87' lang='lat' dir='ltr'>nobis</span> <span class='ocrx_word' id='word_1_164' title='bbox 842 1824 1024 1878; x_wconf 84' lang='lat' dir='ltr'>commiscet:</span> 
     </span>
    </p>

    <p class='ocr_par' dir='ltr' id='par_1_3' title="bbox 86 1891 1025 2354">
     <span class='ocr_line' id='line_1_23' title="bbox 124 1891 1025 1972; baseline 0.009 -21"><span class='ocrx_word' id='word_1_165' title='bbox 124 1892 156 1972; x_wconf 58' lang='lat' dir='ltr'>d.</span> <span class='ocrx_word' id='word_1_166' title='bbox 170 1891 537 1972; x_wconf 72' lang='lat' dir='ltr'>Coeneutibusillisaccepit</span> <span class='ocrx_word' id='word_1_167' title='bbox 576 1907 603 1952; x_wconf 89' lang='lat' dir='ltr'>et</span> <span class='ocrx_word' id='word_1_168' title='bbox 612 1916 672 1952; x_wconf 86' lang='lat' dir='ltr'>non</span> <span class='ocrx_word' id='word_1_169' title='bbox 682 1897 741 1954; x_wconf 86' lang='lat' dir='ltr'>fide</span> <span class='ocrx_word' id='word_1_170' title='bbox 753 1909 862 1956; x_wconf 85' lang='lat' dir='ltr'>tantum</span> <span class='ocrx_word' id='word_1_171' title='bbox 871 1921 988 1971; x_wconf 78' lang='lat' dir='ltr'>,verum</span> <span class='ocrx_word' id='word_1_172' title='bbox 998 1913 1025 1958; x_wconf 89' lang='lat' dir='ltr'>ct</span> 
     </span>
     <span class='ocr_line' id='line_1_24' title="bbox 86 1975 1025 2052; baseline 0.006 -21"><span class='ocrx_word' id='word_1_173' title='bbox 86 1978 169 2032; x_wconf 81' lang='lat' dir='ltr'>lesus</span> <span class='ocrx_word' id='word_1_174' title='bbox 185 1993 308 2050; x_wconf 85' lang='lat' dir='ltr'>panem,</span> <span class='ocrx_word' id='word_1_175' title='bbox 324 1985 352 2030; x_wconf 91' lang='lat' dir='ltr'>et</span> <span class='ocrx_word' id='word_1_176' title='bbox 373 1975 538 2044; x_wconf 81' lang='lat' dir='ltr'>benedixit,</span> <span class='ocrx_word' id='word_1_177' title='bbox 574 1975 634 2052; x_wconf 90' lang='lat' dir='ltr'>ipsa</span> <span class='ocrx_word' id='word_1_178' title='bbox 645 1997 677 2034; x_wconf 90' lang='lat' dir='ltr'>re</span> <span class='ocrx_word' id='word_1_179' title='bbox 690 1997 744 2034; x_wconf 89' lang='lat' dir='ltr'>nos</span> <span class='ocrx_word' id='word_1_180' title='bbox 755 1997 839 2036; x_wconf 85' lang='lat' dir='ltr'>suurn</span> <span class='ocrx_word' id='word_1_181' title='bbox 853 1980 943 2036; x_wconf 83' lang='lat' dir='ltr'>efficit</span> <span class='ocrx_word' id='word_1_182' title='bbox 958 2001 1025 2038; x_wconf 86' lang='lat' dir='ltr'>cor-</span> 
     </span>
     <span class='ocr_line' id='line_1_25' title="bbox 87 2053 638 2132; baseline 0.005 -22"><span class='ocrx_word' id='word_1_183' title='bbox 87 2075 118 2111; x_wconf 88' lang='lat' dir='ltr'>ac</span> <span class='ocrx_word' id='word_1_184' title='bbox 128 2053 383 2128; x_wconf 82' lang='lat' dir='ltr'>iregit‚deditque</span> <span class='ocrx_word' id='word_1_185' title='bbox 393 2054 538 2129; x_wconf 86' lang='lat' dir='ltr'>discipulis</span> <span class='ocrx_word' id='word_1_186' title='bbox 573 2076 638 2132; x_wconf 91' lang='lat' dir='ltr'>pus.</span> 
     </span>
     <span class='ocr_line' id='line_1_26' title="bbox 87 2131 1025 2213; baseline 0.003 -21"><span class='ocrx_word' id='word_1_187' title='bbox 87 2133 165 2204; x_wconf 80' lang='lat' dir='ltr'>suis,</span> <span class='ocrx_word' id='word_1_188' title='bbox 183 2145 212 2190; x_wconf 88' lang='lat' dir='ltr'>et</span> <span class='ocrx_word' id='word_1_189' title='bbox 232 2134 287 2188; x_wconf 80' lang='lat' dir='ltr'>eit:</span> <span class='ocrx_word' id='word_1_190' title='bbox 307 2133 321 2158; x_wconf 69' lang='lat'>¹*</span> <span class='ocrx_word' id='word_1_191' title='bbox 339 2133 485 2208; x_wconf 78' lang='lat' dir='ltr'>Accipite,</span> <span class='ocrx_word' id='word_1_192' title='bbox 510 2146 538 2190; x_wconf 84' lang='lat' dir='ltr'>et</span> <span class='ocrx_word' id='word_1_193' title='bbox 614 2131 646 2213; x_wconf 66' lang='lat' dir='ltr'>iti.</span> <span class='ocrx_word' id='word_1_194' title='bbox 664 2137 784 2211; x_wconf 79' lang='lat' dir='ltr'>Accepit</span> <span class='ocrx_word' id='word_1_195' title='bbox 805 2141 888 2194; x_wconf 86' lang='lat' dir='ltr'>lesus</span> <span class='ocrx_word' id='word_1_196' title='bbox 906 2135 1025 2194; x_wconf 69' lang='lat' dir='ltr'>cilicem</span> 
     </span>
     <span class='ocr_line' id='line_1_27' title="bbox 87 2213 1023 2289; baseline 0.003 -19"><span class='ocrx_word' id='word_1_197' title='bbox 87 2213 232 2270; x_wconf 73' lang='lat' dir='ltr'>comedite</span> <span class='ocrx_word' id='word_1_198' title='bbox 251 2233 258 2266; x_wconf 93' lang='lat'><strong>:</strong></span> <span class='ocrx_word' id='word_1_199' title='bbox 276 2213 331 2268; x_wconf 89' lang='lat' dir='ltr'>hoc</span> <span class='ocrx_word' id='word_1_200' title='bbox 359 2224 402 2268; x_wconf 85' lang='lat' dir='ltr'>est</span> <span class='ocrx_word' id='word_1_201' title='bbox 431 2231 537 2289; x_wconf 87' lang='lat' dir='ltr'>corpus</span> <span class='ocrx_word' id='word_1_202' title='bbox 574 2226 728 2289; x_wconf 84' lang='lat' dir='ltr'>postquam</span> <span class='ocrx_word' id='word_1_203' title='bbox 742 2214 885 2286; x_wconf 65' lang='lat' dir='ltr'>coenevit,</span> <span class='ocrx_word' id='word_1_204' title='bbox 905 2218 1023 2274; x_wconf 87' lang='lat' dir='ltr'>dicens:</span> 
     </span>
     <span class='ocr_line' id='line_1_28' title="bbox 87 2294 1023 2354; baseline 0.004 -4"><span class='ocrx_word' id='word_1_205' title='bbox 87 2313 192 2350; x_wconf 82' lang='lat' dir='ltr'>meum.</span> <span class='ocrx_word' id='word_1_206' title='bbox 574 2294 628 2350; x_wconf 86' lang='lat' dir='ltr'>Hic</span> <span class='ocrx_word' id='word_1_207' title='bbox 645 2294 718 2350; x_wconf 77' lang='lat' dir='ltr'>calix</span> <span class='ocrx_word' id='word_1_208' title='bbox 738 2313 847 2350; x_wconf 86' lang='lat' dir='ltr'>novum</span> <span class='ocrx_word' id='word_1_209' title='bbox 868 2300 1023 2354; x_wconf 85' lang='lat' dir='ltr'>testamen-</span> 
     </span>
    </p>

    <p class='ocr_par' dir='ltr' id='par_1_4' title="bbox 86 2369 1022 2604">
     <span class='ocr_line' id='line_1_29' title="bbox 125 2369 1022 2448; baseline 0.001 -20"><span class='ocrx_word' id='word_1_210' title='bbox 125 2373 158 2440; x_wconf 68' lang='grc' dir='ltr'>Ῡ.</span> <span class='ocrx_word' id='word_1_211' title='bbox 174 2373 320 2428; x_wconf 82' lang='lat' dir='ltr'>Dixemut</span> <span class='ocrx_word' id='word_1_212' title='bbox 333 2371 389 2428; x_wconf 80' lang='lat' dir='ltr'>viri</span> <span class='ocrx_word' id='word_1_213' title='bbox 402 2369 538 2428; x_wconf 76' lang='lat' dir='ltr'>taberni-</span> <span class='ocrx_word' id='word_1_214' title='bbox 574 2385 635 2430; x_wconf 90' lang='lat' dir='ltr'>tum</span> <span class='ocrx_word' id='word_1_215' title='bbox 650 2384 693 2430; x_wconf 78' lang='lat' dir='ltr'>eet</span> <span class='ocrx_word' id='word_1_216' title='bbox 715 2374 745 2428; x_wconf 90' lang='lat' dir='ltr'>in</span> <span class='ocrx_word' id='word_1_217' title='bbox 757 2393 822 2430; x_wconf 88' lang='lat' dir='ltr'>meo</span> <span class='ocrx_word' id='word_1_218' title='bbox 838 2370 976 2448; x_wconf 65' lang='lat' dir='ltr'>senguine</span> <span class='ocrx_word' id='word_1_219' title='bbox 989 2397 995 2429; x_wconf 93' lang='lat'><strong>:</strong></span> <span class='ocrx_word' id='word_1_220' title='bbox 1009 2377 1022 2400; x_wconf 84' lang='lat'><strong>*</strong></span> 
     </span>
     <span class='ocr_line' id='line_1_30' title="bbox 88 2449 1022 2542; baseline 0.003 -34"><span class='ocrx_word' id='word_1_221' title='bbox 88 2454 145 2508; x_wconf 87' lang='lat' dir='ltr'>culi</span> <span class='ocrx_word' id='word_1_222' title='bbox 157 2451 228 2508; x_wconf 92' lang='lat' dir='ltr'>mei:</span> <span class='ocrx_word' id='word_1_223' title='bbox 242 2451 313 2522; x_wconf 86' lang='lat' dir='ltr'>Quis</span> <span class='ocrx_word' id='word_1_224' title='bbox 326 2451 376 2508; x_wconf 91' lang='lat' dir='ltr'>det</span> <span class='ocrx_word' id='word_1_225' title='bbox 390 2451 428 2508; x_wconf 87' lang='lat' dir='ltr'>de</span> <span class='ocrx_word' id='word_1_226' title='bbox 441 2449 537 2510; x_wconf 74' lang='lat' dir='ltr'>cirni-</span> <span class='ocrx_word' id='word_1_227' title='bbox 552 2495 557 2542; x_wconf 54' lang='lat'><em>¹</em></span> <span class='ocrx_word' id='word_1_228' title='bbox 573 2454 637 2510; x_wconf 88' lang='lat' dir='ltr'>Hoc</span> <span class='ocrx_word' id='word_1_229' title='bbox 647 2449 732 2510; x_wconf 78' lang='lat' dir='ltr'>fdcite</span> <span class='ocrx_word' id='word_1_230' title='bbox 743 2453 773 2510; x_wconf 88' lang='lat' dir='ltr'>in</span> <span class='ocrx_word' id='word_1_231' title='bbox 788 2472 881 2510; x_wconf 88' lang='lat' dir='ltr'>meam</span> <span class='ocrx_word' id='word_1_232' title='bbox 899 2473 1022 2511; x_wconf 87' lang='lat' dir='ltr'>comme·</span> 
     </span>
     <span class='ocr_line' id='line_1_31' title="bbox 86 2531 771 2604; baseline 0.003 -16"><span class='ocrx_word' id='word_1_233' title='bbox 86 2532 141 2589; x_wconf 78' lang='lat' dir='ltr'>bus</span> <span class='ocrx_word' id='word_1_234' title='bbox 153 2533 229 2604; x_wconf 81' lang='lat' dir='ltr'>ejus,</span> <span class='ocrx_word' id='word_1_235' title='bbox 241 2543 273 2588; x_wconf 87' lang='lat' dir='ltr'>ut</span> <span class='ocrx_word' id='word_1_236' title='bbox 288 2533 468 2588; x_wconf 79' lang='lat' dir='ltr'>saturemur?</span> <span class='ocrx_word' id='word_1_237' title='bbox 572 2531 771 2590; x_wconf 81' lang='lat' dir='ltr'>moratidnem.</span> 
     </span>
    </p>

    <p class='ocr_par' dir='ltr' id='par_1_5' title="bbox 126 2611 1022 2688">
     <span class='ocr_line' id='line_1_32' title="bbox 126 2611 1022 2688; baseline 0.001 -18"><span class='ocrx_word' id='word_1_238' title='bbox 126 2611 268 2688; x_wconf 78' lang='lat' dir='ltr'>Accipite.</span> <span class='ocrx_word' id='word_1_239' title='bbox 610 2614 642 2680; x_wconf 57' lang='grc' dir='ltr'>γ.</span> <span class='ocrx_word' id='word_1_240' title='bbox 664 2613 808 2670; x_wconf 78' lang='lat' dir='ltr'>Memeria</span> <span class='ocrx_word' id='word_1_241' title='bbox 824 2633 936 2670; x_wconf 85' lang='lat' dir='ltr'>memor</span> <span class='ocrx_word' id='word_1_242' title='bbox 955 2632 1004 2671; x_wconf 86' lang='lat' dir='ltr'>ero</span> <span class='ocrx_word' id='word_1_243' title='bbox 1014 2657 1022 2684; x_wconf 93' lang='lat'><strong><em>‚</em></strong></span> 
     </span>
    </p>

    <p class='ocr_par' dir='ltr' id='par_1_6' title="bbox 227 2691 1022 2754">
     <span class='ocr_line' id='line_1_33' title="bbox 227 2691 1022 2754; baseline 0.005 -8"><span class='ocrx_word' id='word_1_244' title='bbox 227 2711 336 2754; x_wconf 67' lang='lat' dir='ltr'>pacato</span> <span class='ocrx_word' id='word_1_245' title='bbox 355 2711 383 2748; x_wconf 82' lang='lat' dir='ltr'>v.</span> <span class='ocrx_word' id='word_1_246' title='bbox 574 2701 602 2748; x_wconf 88' lang='lat' dir='ltr'>et</span> <span class='ocrx_word' id='word_1_247' title='bbox 613 2694 740 2754; x_wconf 74' lang='lat' dir='ltr'>tabescet</span> <span class='ocrx_word' id='word_1_248' title='bbox 752 2693 781 2748; x_wconf 91' lang='lat' dir='ltr'>in</span> <span class='ocrx_word' id='word_1_249' title='bbox 792 2713 838 2750; x_wconf 88' lang='lat' dir='ltr'>me</span> <span class='ocrx_word' id='word_1_250' title='bbox 849 2691 941 2752; x_wconf 59' lang='lat' dir='ltr'>Anima</span> <span class='ocrx_word' id='word_1_251' title='bbox 953 2715 1022 2750; x_wconf 67' lang='lat' dir='ltr'>mea,</span> 
     </span>
    </p>

    <p class='ocr_par' dir='ltr' id='par_1_7' title="bbox 87 2745 1028 3486">
     <span class='ocr_line' id='line_1_34' title="bbox 89 2745 786 2830; baseline 0.001 -2"><span class='ocrx_word' id='word_1_252' title='bbox 89 2745 202 2828; x_wconf 79' lang='lat' dir='ltr'>iorrua</span> <span class='ocrx_word' id='word_1_253' title='bbox 224 2771 343 2827; x_wconf 79' lang='lat' dir='ltr'>accedat</span> <span class='ocrx_word' id='word_1_254' title='bbox 363 2789 449 2828; x_wconf 88' lang='lat' dir='ltr'>nemo</span> <span class='ocrx_word' id='word_1_255' title='bbox 469 2791 537 2828; x_wconf 87' lang='lat' dir='ltr'>curn</span> <span class='ocrx_word' id='word_1_256' title='bbox 614 2774 679 2830; x_wconf 87' lang='lat' dir='ltr'>Hoc</span> <span class='ocrx_word' id='word_1_257' title='bbox 694 2769 786 2830; x_wconf 78' lang='lat' dir='ltr'>licite.</span> 
     </span>
     <span class='ocr_line' id='line_1_35' title="bbox 90 2849 935 2922; baseline -0.001 -13"><span class='ocrx_word' id='word_1_258' title='bbox 90 2850 221 2922; x_wconf 66' lang='lat' dir='ltr'>ulmea,</span> <span class='ocrx_word' id='word_1_259' title='bbox 249 2869 337 2908; x_wconf 87' lang='lat' dir='ltr'>nemo</span> <span class='ocrx_word' id='word_1_260' title='bbox 369 2849 536 2922; x_wconf 80' lang='lat' dir='ltr'>tesoltitus,</span> <span class='ocrx_word' id='word_1_261' title='bbox 709 2872 816 2908; x_wconf 79' lang='lat' dir='ltr'>aromo</span> <span class='ocrx_word' id='word_1_262' title='bbox 837 2873 878 2908; x_wconf 84' lang='lat' dir='ltr'>v1.</span> <span class='ocrx_word' id='word_1_263' title='bbox 930 2854 935 2865; x_wconf 88' lang='grc'><strong>“</strong></span> 
     </span>
     <span class='ocr_line' id='line_1_36' title="bbox 87 2903 1026 3008; baseline 0.002 -20"><span class='ocrx_word' id='word_1_264' title='bbox 87 2950 189 2989; x_wconf 84' lang='lat' dir='ltr'>omnes</span> <span class='ocrx_word' id='word_1_265' title='bbox 219 2931 361 2999; x_wconf 75' lang='lat' dir='ltr'>accensi,</span> <span class='ocrx_word' id='word_1_266' title='bbox 394 2930 537 2991; x_wconf 78' lang='lat' dir='ltr'>ferventes</span> <span class='ocrx_word' id='word_1_267' title='bbox 574 2903 651 3006; x_wconf 81' lang='lat' dir='ltr'>Quo</span> <span class='ocrx_word' id='word_1_268' title='bbox 663 2951 724 2988; x_wconf 90' lang='lat' dir='ltr'>non</span> <span class='ocrx_word' id='word_1_269' title='bbox 738 2933 856 3008; x_wconf 74' lang='lat' dir='ltr'>opertet</span> <span class='ocrx_word' id='word_1_270' title='bbox 867 2931 953 3006; x_wconf 83' lang='lat' dir='ltr'>igitur</span> <span class='ocrx_word' id='word_1_271' title='bbox 965 2951 1026 2990; x_wconf 81' lang='lat' dir='ltr'>esse</span> 
     </span>
     <span class='ocr_line' id='line_1_37' title="bbox 88 3007 1027 3086; baseline 0.001 -18"><span class='ocrx_word' id='word_1_272' title='bbox 88 3023 117 3068; x_wconf 86' lang='lat' dir='ltr'>et</span> <span class='ocrx_word' id='word_1_273' title='bbox 149 3007 274 3070; x_wconf 77' lang='lat' dir='ltr'>excite‘ti.</span> <span class='ocrx_word' id='word_1_274' title='bbox 321 3011 395 3068; x_wconf 86' lang='lat' dir='ltr'>Nem</span> <span class='ocrx_word' id='word_1_275' title='bbox 431 3010 455 3066; x_wconf 87' lang='lat' dir='ltr'>si</span> <span class='ocrx_word' id='word_1_276' title='bbox 484 3013 538 3066; x_wconf 88' lang='lat' dir='ltr'>Ju-</span> <span class='ocrx_word' id='word_1_277' title='bbox 572 3009 722 3086; x_wconf 82' lang='lat' dir='ltr'>puritirem</span> <span class='ocrx_word' id='word_1_278' title='bbox 733 3013 782 3067; x_wconf 85' lang='lat' dir='ltr'>tali</span> <span class='ocrx_word' id='word_1_279' title='bbox 792 3011 933 3068; x_wconf 76' lang='lat' dir='ltr'>fruentem</span> <span class='ocrx_word' id='word_1_280' title='bbox 942 3015 1027 3069; x_wconf 83' lang='lat' dir='ltr'>sacri-</span> 
     </span>
     <span class='ocr_line' id='line_1_38' title="bbox 88 3089 1025 3165; baseline 0.001 -18"><span class='ocrx_word' id='word_1_281' title='bbox 88 3091 141 3147; x_wconf 75' lang='lat' dir='ltr'>daei</span> <span class='ocrx_word' id='word_1_282' title='bbox 154 3102 276 3160; x_wconf 86' lang='lat' dir='ltr'>stantes,</span> <span class='ocrx_word' id='word_1_283' title='bbox 296 3101 325 3146; x_wconf 90' lang='lat' dir='ltr'>et</span> <span class='ocrx_word' id='word_1_284' title='bbox 348 3089 537 3146; x_wconf 75' lang='lat' dir='ltr'>calceamenta</span> <span class='ocrx_word' id='word_1_285' title='bbox 573 3090 660 3146; x_wconf 81' lang='lat' dir='ltr'>ficio?</span> <span class='ocrx_word' id='word_1_286' title='bbox 680 3110 739 3165; x_wconf 87' lang='lat' dir='ltr'>quo</span> <span class='ocrx_word' id='word_1_287' title='bbox 764 3089 849 3148; x_wconf 68' lang='lat' dir='ltr'>soleri</span> <span class='ocrx_word' id='word_1_288' title='bbox 864 3090 946 3148; x_wconf 75' lang='lat' dir='ltr'>ridio</span> <span class='ocrx_word' id='word_1_289' title='bbox 966 3113 1025 3148; x_wconf 89' lang='lat' dir='ltr'>non</span> 
     </span>
     <span class='ocr_line' id='line_1_39' title="bbox 87 3166 1026 3246; baseline 0 -20"><span class='ocrx_word' id='word_1_290' title='bbox 87 3171 118 3226; x_wconf 89' lang='lat' dir='ltr'>in</span> <span class='ocrx_word' id='word_1_291' title='bbox 129 3171 253 3246; x_wconf 78' lang='lat' dir='ltr'>pedibus</span> <span class='ocrx_word' id='word_1_292' title='bbox 268 3171 422 3240; x_wconf 76' lang='lat' dir='ltr'>babentes,</span> <span class='ocrx_word' id='word_1_293' title='bbox 437 3181 466 3230; x_wconf 69' lang='lat' dir='ltr'>et</span> <span class='ocrx_word' id='word_1_294' title='bbox 485 3166 537 3228; x_wconf 67' lang='lat' dir='ltr'>be·</span> <span class='ocrx_word' id='word_1_295' title='bbox 574 3169 800 3246; x_wconf 71' lang='lat' dir='ltr'>splendidiorem</span> <span class='ocrx_word' id='word_1_296' title='bbox 812 3191 929 3228; x_wconf 87' lang='lat' dir='ltr'>manum</span> <span class='ocrx_word' id='word_1_297' title='bbox 936 3215 944 3240; x_wconf 81' lang='lat'>,</span> <span class='ocrx_word' id='word_1_298' title='bbox 961 3191 1026 3228; x_wconf 86' lang='lat' dir='ltr'>car-</span> 
     </span>
     <span class='ocr_line' id='line_1_40' title="bbox 88 3246 1026 3324; baseline -0.002 -16"><span class='ocrx_word' id='word_1_299' title='bbox 88 3251 169 3308; x_wconf 88' lang='lat' dir='ltr'>culos</span> <span class='ocrx_word' id='word_1_300' title='bbox 178 3248 313 3308; x_wconf 72' lang='lat' dir='ltr'>menibus</span> <span class='ocrx_word' id='word_1_301' title='bbox 323 3246 538 3324; x_wconf 59' lang='lat' dir='ltr'>galiatenag-</span> <span class='ocrx_word' id='word_1_302' title='bbox 574 3269 643 3306; x_wconf 88' lang='lat' dir='ltr'>nem</span> <span class='ocrx_word' id='word_1_303' title='bbox 657 3251 730 3306; x_wconf 89' lang='lat' dir='ltr'>hanc</span> <span class='ocrx_word' id='word_1_304' title='bbox 754 3251 963 3307; x_wconf 70' lang='lat' dir='ltr'>deridentem?</span> <span class='ocrx_word' id='word_1_305' title='bbox 985 3252 1026 3306; x_wconf 88' lang='lat' dir='ltr'>Os</span> 
     </span>
     <span class='ocr_line' id='line_1_41' title="bbox 87 3327 1027 3406; baseline -0.002 -20"><span class='ocrx_word' id='word_1_306' title='bbox 87 3349 157 3386; x_wconf 86' lang='lat' dir='ltr'>num</span> <span class='ocrx_word' id='word_1_307' title='bbox 187 3349 252 3386; x_wconf 89' lang='lat' dir='ltr'>cum</span> <span class='ocrx_word' id='word_1_308' title='bbox 275 3327 456 3386; x_wconf 76' lang='lat' dir='ltr'>festinatidne</span> <span class='ocrx_word' id='word_1_309' title='bbox 487 3349 538 3386; x_wconf 90' lang='lat' dir='ltr'>co-</span> <span class='ocrx_word' id='word_1_310' title='bbox 575 3330 658 3406; x_wconf 90' lang='lat' dir='ltr'>quod</span> <span class='ocrx_word' id='word_1_311' title='bbox 678 3331 738 3405; x_wconf 81' lang='lat' dir='ltr'>igni</span> <span class='ocrx_word' id='word_1_312' title='bbox 749 3327 870 3406; x_wconf 76' lang='lat' dir='ltr'>spiritdli</span> <span class='ocrx_word' id='word_1_313' title='bbox 886 3330 1027 3403; x_wconf 86' lang='lat' dir='ltr'>repletur,</span> 
     </span>
     <span class='ocr_line' id='line_1_42' title="bbox 88 3405 1028 3486; baseline -0.006 -20"><span class='ocrx_word' id='word_1_314' title='bbox 88 3410 244 3466; x_wconf 77' lang='lat' dir='ltr'>medebam</span> <span class='ocrx_word' id='word_1_315' title='bbox 263 3430 270 3464; x_wconf 91' lang='lat'><strong>:</strong></span> <span class='ocrx_word' id='word_1_316' title='bbox 291 3421 319 3466; x_wconf 88' lang='lat' dir='ltr'>te</span> <span class='ocrx_word' id='word_1_317' title='bbox 335 3409 427 3466; x_wconf 89' lang='lat' dir='ltr'>multo</span> <span class='ocrx_word' id='word_1_318' title='bbox 449 3410 538 3486; x_wconf 75' lang='lat' dir='ltr'>magis</span> <span class='ocrx_word' id='word_1_319' title='bbox 574 3409 772 3486; x_wconf 69' lang='lat' dir='ltr'>lingnamque</span> <span class='ocrx_word' id='word_1_320' title='bbox 782 3407 934 3463; x_wconf 86' lang='lat' dir='ltr'>tremendo</span> <span class='ocrx_word' id='word_1_321' title='bbox 943 3405 1028 3460; x_wconf 87' lang='lat' dir='ltr'>nimis</span> 
     </span>
    </p>
   </div>
   <div class='ocr_carea' id='block_1_3' title="bbox 89 3481 1028 3566">
    <p class='ocr_par' dir='ltr' id='par_1_8' title="bbox 89 3481 1028 3566">
     <span class='ocr_line' id='line_1_43' title="bbox 89 3481 1028 3566; baseline 0.005 -21"><span class='ocrx_word' id='word_1_322' title='bbox 89 3487 208 3566; x_wconf 71' lang='lat' dir='ltr'>opertet</span> <span class='ocrx_word' id='word_1_323' title='bbox 223 3507 285 3550; x_wconf 80' lang='lat' dir='ltr'>etse</span> <span class='ocrx_word' id='word_1_324' title='bbox 306 3489 538 3550; x_wconf 67' lang='lat' dir='ltr'>elementiam</span> <span class='ocrx_word' id='word_1_325' title='bbox 576 3485 719 3565; x_wconf 71' lang='lat' dir='ltr'>singulare</span> <span class='ocrx_word' id='word_1_326' title='bbox 745 3485 903 3546; x_wconf 81' lang='lat' dir='ltr'>rubescit?</span> <span class='ocrx_word' id='word_1_327' title='bbox 927 3481 1028 3550; x_wconf 67' lang='lat' dir='ltr'>C⁶t&lt;i⁸it</span> 
     </span>
    </p>
   </div>
   <div class='ocr_carea' id='block_1_4' title="bbox 0 0 1109 3842">
    <p class='ocr_par' dir='ltr' id='par_1_9' title="bbox 0 0 1109 3842">
     <span class='ocr_line' id='line_1_44' title="bbox 0 0 1109 3842; baseline 0 0"><span class='ocrx_word' id='word_1_328' title='bbox 0 0 1109 3842; x_wconf 95' lang='lat' dir='ltr'> </span> 
     </span>
    </p>
   </div>
  </div>
 </body>
</html>
